3286 5198
741 140 896 237 ---5⁷-

561 346 597 412 B.
632 346 670 409 in
694 346 861 410 senariis
883 346 1079 410 iambicis,

257 467 344 531 Trin.
367 466 484 531 Pseud.
506 466 570 532 Mil.
594 466 673 548 glor.
706 467 854 547 exempla
883 466 1029 548 digniora
1056 485 1123 531 non
1146 467 1301 543 offerunt3
1336 466 1464 531 aliunde

169 570 452 738 addoTiugddll:
482 673 599 737 Minim
621 673 747 737 videtur
769 692 843 754 rure
866 673 976 737 erilem
998 672 1098 737 lilium

481 776 671 842 Strabacem
693 794 760 839 non
781 775 911 840 redisse.

170 1053 238 1133 llll.
275 1051 463 1134 Genetiros
482 1073 505 1131 a
523 1054 663 1132 nomine
682 1053 737 1132 rel
757 1050 963 1152 pronomine
982 1051 1266 1152 pendensrersu
1290 1053 1463 1133 avellitur.

519 1260 558 1324 A.
592 1259 629 1322 in
652 1257 835 1322 versibus
858 1256 1121 1338 longioribus.

256 1414 319 1478 Mil.
343 1414 423 1496 glor.
446 1415 525 1479 974:
656 1414 737 1477 sicut
759 1433 852 1478 soror

545 1518 619 1581 Eius
640 1517 704 1581 huo
726 1517 855 1599 gemina
876 1517 963 1581 venit
985 1509 1158 1598 Ephesum.

256 1620 340 1685 Men.
364 1621 444 1685 369:
576 1620 653 1702 quid
675 1639 803 1684 meeum
825 1621 883 1684 tibi

472 1724 544 1789 Fuit
565 1743 722 1806 umquam
744 1727 800 1788 aut
822 1742 908 1788 nuno
931 1727 980 1787 est
1001 1723 1119 1804 negoti.

560 1896 597 1961 B.
632 1896 670 1960 in
692 1895 862 1960 senariis
885 1895 1079 1960 iambicis.

257 2018 342 2082 Trin.
368 2017 447 2081 sla:
481 2017 566 2080 Tum
588 2020 698 2081 autem
724 2017 896 2094 Surorum,
925 2035 1026 2098 genus
1056 2016 1144 2099 quod
1166 2016 1465 2098 patientissimumst

479 2120 667 2198 Hominum,
690 2139 787 2184 nemo
810 2123 898 2183 extat
921 2120 975 2201 qui
996 2119 1040 2183 ibi
1063 2140 1119 2184 sex
1143 2139 1271 2184 menses
1292 2119 1414 2183 vixerit.

369 2226 447 2290 998:
480 2224 659 2306 Postquam
680 2224 732 2288 llle
754 2224 828 2288 hinc
850 2223 938 2299 abiit,
961 2227 1035 2304 post
1056 2221 1209 2304 loquendi
1230 2223 1330 2286 libere

477 2327 611 2391 Videtur
632 2331 761 2408 tempus
783 2327 908 2390 venisse
931 2329 1028 2408 atque
1052 2327 1188 2389 occasio

217 2501 220 2507 ,
255 2431 371 2496 Pseud.
399 2433 468 2498 129.
495 2432 571 2496 130:
703 2430 820 2494 ostium

606 2533 745 2596 Lenonis
767 2533 899 2613 crepuit.

257 2640 374 2704 Bacch.
401 2640 478 2704 168:
512 2639 694 2702 Istactenus
716 2636 784 2714 tibi,
807 2636 904 2719 Lyde,
927 2635 1059 2700 libertas
1081 2634 1189 2698 datast

383 2733 385 2737 ’
493 2739 675 2805 Orationis:
699 2740 776 2804 satis
799 2745 857 2805 est.

379 2845 458 2909 900:
491 2842 549 2907 llla
571 2846 680 2908 autem
702 2843 735 2907 in
757 2863 865 2933 arcem
887 2844 961 2908 hino
983 2842 1061 2907 abiit
1083 2840 1197 2906 aedem
1220 2841 1323 2905 visere

491 2946 663 3012 Minervae.
694 2967 781 3011 nunc
802 2951 955 3030 apertast.

255 3052 374 3133 Amph.
397 3049 478 3115 472:
512 3049 604 3114 Adeo
627 3052 730 3131 usque
752 3050 935 3116 satietatem
957 3050 1036 3115 dum
1059 3049 1163 3130 rapiet
1185 3052 1278 3131 pater

516 3153 601 3218 Illius
624 3174 723 3236 quam
745 3157 844 3219 amat.
1315 3185 1317 3191 ·

256 3260 349 3323 Most.
374 3259 455 3322 611:
488 3256 585 3321 Pater
608 3260 719 3321 eccum
741 3257 872 3321 advenit
894 3276 1028 3339 peregre
1050 3275 1118 3320 non
1140 3255 1243 3319 multo
1265 3255 1354 3337 prius

488 3360 589 3425 Illius:
612 3360 638 3424 is
660 3360 718 3424 tibi
741 3364 773 3423 et
795 3359 909 3424 faenus
932 3363 963 3424 et
985 3363 1108 3424 sortem
1130 3358 1229 3423 dabit.

356 3467 455 3530 1016:
613 3463 701 3545 quod
723 3482 776 3526 me
798 3463 933 3527 absente
955 3466 1065 3526 tecum
1086 3462 1138 3526 hie
1160 3461 1243 3525 iilius

482 3567 599 3650 Negoti
620 3567 726 3648 gessit.

256 3675 344 3740 Pers.
368 3674 446 3738 674:
604 3671 631 3734 si
654 3670 731 3752 quid
748 3670 842 3734 bonis

248 3782 250 3786 ’
464 3775 548 3839 Boni
570 3773 616 3852 fit,
639 3793 709 3838 esse
730 3773 763 3837 id
785 3776 818 3837 et
839 3791 936 3854 grave
959 3775 991 3836 et
1013 3775 1141 3853 gratum
1163 3770 1255 3834 solet.

171 4054 253 4134 lllll.
289 4054 504 4134 triestinum
525 4053 644 4133 solute
666 4048 941 4154 (praedicativo)
962 4048 1114 4148 posituro
1129 4066 1236 4127 versu
1254 4048 1461 4145 selunpltor.

520 4242 559 4305 A.
594 4241 632 4305 in
654 4241 832 4305 versibus
854 4236 1110 4320 longioribus

256 4381 320 4446 Mil.
343 4381 422 4463 glor.
447 4381 525 4444 279:
681 4383 717 4442 tu
739 4378 798 4442 sali

546 4481 658 4547 Solus:
686 4502 764 4547 nam
786 4500 846 4562 ego
877 4480 973 4544 istam
994 4479 1185 4543 insulturam
1208 4480 1241 4540 et
1263 4475 1461 4540 desulturam

626 4586 704 4650 nihil
726 4604 846 4649 moror.
