<?xml version="1.0" encoding="UTF-8"?>
<!DOCTYPE html PUBLIC "-//W3C//DTD XHTML 1.0 Transitional//EN"
    "http://www.w3.org/TR/xhtml1/DTD/xhtml1-transitional.dtd">
<html xmlns="http://www.w3.org/1999/xhtml" xml:lang="en" lang="en">
 <head>
  <title>
</title>
<meta http-equiv="Content-Type" content="text/html;charset=utf-8" />
  <meta name='ocr-system' content='tesseract 3.04.00' />
  <meta name='ocr-capabilities' content='ocr_page ocr_carea ocr_par ocr_line ocrx_word'/>
</head>
<body>
  <div class='ocr_page' id='page_1' title='image "./quaestionesplau00appugoog_0104.png"; bbox 0 0 3286 5198; ppageno 0'>
   <div class='ocr_carea' id='block_1_1' title="bbox 725 177 880 282">
    <p class='ocr_par' dir='ltr' id='par_1_1' title="bbox 725 177 880 282">
     <span class='ocr_line' id='line_1_1' title="bbox 725 177 880 282; baseline 0 -34"><span class='ocrx_word' id='word_1_1' title='bbox 725 177 880 282; x_wconf 45' lang='lat' dir='ltr'><em>Q</em></span> 
     </span>
    </p>
   </div>
   <div class='ocr_carea' id='block_1_2' title="bbox 80 384 1448 4300">
    <p class='ocr_par' dir='ltr' id='par_1_2' title="bbox 155 384 1448 682">
     <span class='ocr_line' id='line_1_2' title="bbox 241 384 1447 477; baseline 0.01 -28"><span class='ocrx_word' id='word_1_2' title='bbox 241 384 293 450; x_wconf 94' lang='grc' dir='ltr'>ΙΙΙ.</span> <span class='ocrx_word' id='word_1_3' title='bbox 328 387 501 470; x_wconf 87' lang='lat' dir='ltr'><strong>Nunquam</strong></span> <span class='ocrx_word' id='word_1_4' title='bbox 524 388 566 453; x_wconf 88' lang='lat' dir='ltr'>ab</span> <span class='ocrx_word' id='word_1_5' title='bbox 589 390 701 453; x_wconf 86' lang='lat' dir='ltr'>ultimo</span> <span class='ocrx_word' id='word_1_6' title='bbox 721 410 831 455; x_wconf 87' lang='lat' dir='ltr'>versus</span> <span class='ocrx_word' id='word_1_7' title='bbox 853 392 936 472; x_wconf 95' lang='lat' dir='ltr'>pede</span> <span class='ocrx_word' id='word_1_8' title='bbox 958 412 1044 457; x_wconf 82' lang='lat' dir='ltr'>nova</span> <span class='ocrx_word' id='word_1_9' title='bbox 1065 394 1225 458; x_wconf 89' lang='lat' dir='ltr'>sententia</span> <span class='ocrx_word' id='word_1_10' title='bbox 1246 395 1367 477; x_wconf 81' lang='lat' dir='ltr'>incipit,</span> <span class='ocrx_word' id='word_1_11' title='bbox 1390 397 1447 461; x_wconf 90' lang='lat' dir='ltr'>sed</span> 
     </span>
     <span class='ocr_line' id='line_1_3' title="bbox 155 489 1448 575; baseline 0.01 -24"><span class='ocrx_word' id='word_1_12' title='bbox 155 491 241 552; x_wconf 88' lang='lat' dir='ltr'>certe</span> <span class='ocrx_word' id='word_1_13' title='bbox 262 489 305 553; x_wconf 89' lang='lat' dir='ltr'>ab</span> <span class='ocrx_word' id='word_1_14' title='bbox 329 489 442 555; x_wconf 91' lang='lat' dir='ltr'>ultimo</span> <span class='ocrx_word' id='word_1_15' title='bbox 461 492 593 557; x_wconf 86' lang='lat' dir='ltr'>cretico:</span> <span class='ocrx_word' id='word_1_16' title='bbox 616 493 714 575; x_wconf 90' lang='lat' dir='ltr'>idque</span> <span class='ocrx_word' id='word_1_17' title='bbox 732 495 907 570; x_wconf 77' lang='lat' dir='ltr'>rarissime:</span> <span class='ocrx_word' id='word_1_18' title='bbox 929 495 966 559; x_wconf 89' lang='lat' dir='ltr'>fit</span> <span class='ocrx_word' id='word_1_19' title='bbox 991 498 1077 561; x_wconf 91' lang='lat' dir='ltr'>enim</span> <span class='ocrx_word' id='word_1_20' title='bbox 1101 497 1133 560; x_wconf 91' lang='lat' dir='ltr'>in</span> <span class='ocrx_word' id='word_1_21' title='bbox 1147 498 1310 562; x_wconf 89' lang='lat' dir='ltr'>omnibus</span> <span class='ocrx_word' id='word_1_22' title='bbox 1332 499 1448 564; x_wconf 80' lang='lat' dir='ltr'>fabulis</span> 
     </span>
     <span class='ocr_line' id='line_1_4' title="bbox 156 591 1188 682; baseline 0.01 -28"><span class='ocrx_word' id='word_1_23' title='bbox 156 591 211 675; x_wconf 86' lang='lat' dir='ltr'>(sc.</span> <span class='ocrx_word' id='word_1_24' title='bbox 235 593 424 674; x_wconf 85' lang='lat' dir='ltr'>appendice,</span> <span class='ocrx_word' id='word_1_25' title='bbox 448 600 483 660; x_wconf 91' lang='lat' dir='ltr'>ut</span> <span class='ocrx_word' id='word_1_26' title='bbox 505 614 642 678; x_wconf 88' lang='lat' dir='ltr'>semper,</span> <span class='ocrx_word' id='word_1_27' title='bbox 665 596 787 682; x_wconf 87' lang='lat' dir='ltr'>addita)</span> <span class='ocrx_word' id='word_1_28' title='bbox 812 598 911 662; x_wconf 93' lang='lat' dir='ltr'>modo</span> <span class='ocrx_word' id='word_1_29' title='bbox 933 604 998 664; x_wconf 90' lang='lat' dir='ltr'>ter:</span> <span class='ocrx_word' id='word_1_30' title='bbox 1022 600 1074 679; x_wconf 94' lang='lat' dir='ltr'>IV,</span> <span class='ocrx_word' id='word_1_31' title='bbox 1097 601 1127 677; x_wconf 92' lang='grc'>9,</span> <span class='ocrx_word' id='word_1_32' title='bbox 1151 603 1188 664; x_wconf 87' lang='lat'>5:</span> 
     </span>
    </p>

    <p class='ocr_par' dir='ltr' id='par_1_3' title="bbox 239 697 1347 1505">
     <span class='ocr_line' id='line_1_5' title="bbox 310 697 1139 785; baseline 0.007 -24"><span class='ocrx_word' id='word_1_33' title='bbox 310 697 384 762; x_wconf 93' lang='lat' dir='ltr'>Non</span> <span class='ocrx_word' id='word_1_34' title='bbox 407 702 536 780; x_wconf 87' lang='lat' dir='ltr'>semper</span> <span class='ocrx_word' id='word_1_35' title='bbox 558 719 596 763; x_wconf 90' lang='lat' dir='ltr'>ea</span> <span class='ocrx_word' id='word_1_36' title='bbox 619 703 703 777; x_wconf 92' lang='lat' dir='ltr'>sunt,</span> <span class='ocrx_word' id='word_1_37' title='bbox 727 719 810 782; x_wconf 86' lang='lat' dir='ltr'>quae</span> <span class='ocrx_word' id='word_1_38' title='bbox 832 701 997 778; x_wconf 84' lang='lat' dir='ltr'>videntur:</span> <span class='ocrx_word' id='word_1_39' title='bbox 1021 702 1139 785; x_wconf 84' lang='lat' dir='ltr'>decipit</span> 
     </span>
     <span class='ocr_line' id='line_1_6' title="bbox 309 801 687 887; baseline 0.011 -23"><span class='ocrx_word' id='word_1_40' title='bbox 309 801 411 887; x_wconf 80' lang='lat' dir='ltr'>Frons</span> <span class='ocrx_word' id='word_1_41' title='bbox 432 806 537 884; x_wconf 89' lang='lat' dir='ltr'>prima</span> <span class='ocrx_word' id='word_1_42' title='bbox 559 803 687 869; x_wconf 89' lang='lat' dir='ltr'>multos.</span> 
     </span>
     <span class='ocr_line' id='line_1_7' title="bbox 240 904 428 981; baseline 0.021 -14"><span class='ocrx_word' id='word_1_43' title='bbox 240 904 291 981; x_wconf 91' lang='lat' dir='ltr'>IV,</span> <span class='ocrx_word' id='word_1_44' title='bbox 315 905 345 981; x_wconf 82' lang='lat'>5,</span> <span class='ocrx_word' id='word_1_45' title='bbox 371 906 428 970; x_wconf 89' lang='lat'>10:</span> 
     </span>
     <span class='ocr_line' id='line_1_8' title="bbox 312 1008 1143 1101; baseline 0.007 -30"><span class='ocrx_word' id='word_1_46' title='bbox 312 1008 451 1101; x_wconf 75' lang='lat' dir='ltr'>Nideta</span> <span class='ocrx_word' id='word_1_47' title='bbox 472 1010 660 1091; x_wconf 82' lang='lat' dir='ltr'>possideant</span> <span class='ocrx_word' id='word_1_48' title='bbox 682 1014 739 1074; x_wconf 90' lang='lat' dir='ltr'>aut</span> <span class='ocrx_word' id='word_1_49' title='bbox 761 1010 924 1087; x_wconf 82' lang='lat' dir='ltr'>fruantur:</span> <span class='ocrx_word' id='word_1_50' title='bbox 958 1016 1028 1076; x_wconf 92' lang='lat' dir='ltr'>turn</span> <span class='ocrx_word' id='word_1_51' title='bbox 1051 1012 1143 1077; x_wconf 90' lang='lat' dir='ltr'>simul</span> 
     </span>
     <span class='ocr_line' id='line_1_9' title="bbox 309 1108 694 1177; baseline 0.005 -2"><span class='ocrx_word' id='word_1_52' title='bbox 309 1108 439 1176; x_wconf 84' lang='lat' dir='ltr'>Habere</span> <span class='ocrx_word' id='word_1_53' title='bbox 459 1130 511 1176; x_wconf 91' lang='lat' dir='ltr'>res</span> <span class='ocrx_word' id='word_1_54' title='bbox 533 1111 694 1177; x_wconf 84' lang='lat' dir='ltr'>desierint.</span> 
     </span>
     <span class='ocr_line' id='line_1_10' title="bbox 239 1215 482 1296; baseline 0.008 -18"><span class='ocrx_word' id='word_1_55' title='bbox 239 1215 324 1296; x_wconf 85' lang='lat' dir='ltr'>App.</span> <span class='ocrx_word' id='word_1_56' title='bbox 348 1216 400 1294; x_wconf 86' lang='grc'>98,</span> <span class='ocrx_word' id='word_1_57' title='bbox 427 1217 482 1281; x_wconf 83' lang='grc' dir='ltr'>1οι</span> 
     </span>
     <span class='ocr_line' id='line_1_11' title="bbox 308 1318 1087 1402; baseline 0.005 -20"><span class='ocrx_word' id='word_1_58' title='bbox 308 1318 379 1381; x_wconf 92' lang='lat' dir='ltr'>Hoc</span> <span class='ocrx_word' id='word_1_59' title='bbox 397 1322 423 1383; x_wconf 89' lang='lat' dir='ltr'>si</span> <span class='ocrx_word' id='word_1_60' title='bbox 445 1324 611 1401; x_wconf 88' lang='lat' dir='ltr'>praestare</span> <span class='ocrx_word' id='word_1_61' title='bbox 633 1323 766 1402; x_wconf 87' lang='lat' dir='ltr'>possent</span> <span class='ocrx_word' id='word_1_62' title='bbox 788 1320 946 1398; x_wconf 79' lang='lat' dir='ltr'>homineS,</span> <span class='ocrx_word' id='word_1_63' title='bbox 969 1325 1006 1385; x_wconf 92' lang='lat' dir='ltr'>ut</span> <span class='ocrx_word' id='word_1_64' title='bbox 1027 1341 1087 1386; x_wconf 89' lang='lat' dir='ltr'>suo</span> 
     </span>
     <span class='ocr_line' id='line_1_12' title="bbox 308 1421 1347 1505; baseline 0.005 -23"><span class='ocrx_word' id='word_1_65' title='bbox 308 1421 433 1486; x_wconf 80' lang='lat' dir='ltr'>Vellent</span> <span class='ocrx_word' id='word_1_66' title='bbox 457 1442 576 1487; x_wconf 88' lang='lat' dir='ltr'>carere.</span> <span class='ocrx_word' id='word_1_67' title='bbox 1344 1498 1347 1505; x_wconf 94' lang='lat'><em>.</em></span> 
     </span>
    </p>

    <p class='ocr_par' dir='ltr' id='par_1_4' title="bbox 80 1524 1445 2017">
     <span class='ocr_line' id='line_1_13' title="bbox 238 1524 1445 1612; baseline 0.006 -25"><span class='ocrx_word' id='word_1_68' title='bbox 238 1524 288 1588; x_wconf 88' lang='lat' dir='ltr'>lV.</span> <span class='ocrx_word' id='word_1_69' title='bbox 324 1525 498 1608; x_wconf 87' lang='lat' dir='ltr'>Nunquam</span> <span class='ocrx_word' id='word_1_70' title='bbox 524 1527 629 1608; x_wconf 90' lang='lat' dir='ltr'>primo</span> <span class='ocrx_word' id='word_1_71' title='bbox 658 1546 768 1592; x_wconf 89' lang='lat' dir='ltr'>versus</span> <span class='ocrx_word' id='word_1_72' title='bbox 795 1528 879 1609; x_wconf 89' lang='lat' dir='ltr'>pede</span> <span class='ocrx_word' id='word_1_73' title='bbox 908 1529 1068 1592; x_wconf 87' lang='lat' dir='ltr'>sententia</span> <span class='ocrx_word' id='word_1_74' title='bbox 1095 1530 1128 1593; x_wconf 93' lang='lat' dir='ltr'>in</span> <span class='ocrx_word' id='word_1_75' title='bbox 1158 1531 1323 1612; x_wconf 85' lang='lat' dir='ltr'>superiore</span> <span class='ocrx_word' id='word_1_76' title='bbox 1350 1550 1445 1594; x_wconf 87' lang='lat' dir='ltr'>versu</span> 
     </span>
     <span class='ocr_line' id='line_1_14' title="bbox 152 1628 1444 1717; baseline 0.004 -26"><span class='ocrx_word' id='word_1_77' title='bbox 152 1631 268 1709; x_wconf 89' lang='lat' dir='ltr'>coepta</span> <span class='ocrx_word' id='word_1_78' title='bbox 289 1628 445 1713; x_wconf 83' lang='lat' dir='ltr'>finitur1),</span> <span class='ocrx_word' id='word_1_79' title='bbox 469 1630 527 1694; x_wconf 88' lang='lat' dir='ltr'>sed</span> <span class='ocrx_word' id='word_1_80' title='bbox 549 1634 635 1695; x_wconf 89' lang='lat' dir='ltr'>certe</span> <span class='ocrx_word' id='word_1_81' title='bbox 656 1650 758 1713; x_wconf 86' lang='lat' dir='ltr'>usque</span> <span class='ocrx_word' id='word_1_82' title='bbox 780 1631 824 1695; x_wconf 86' lang='lat' dir='ltr'>ud</span> <span class='ocrx_word' id='word_1_83' title='bbox 845 1630 1102 1717; x_wconf 21' lang='lat' dir='ltr'>thesinflalterius</span> <span class='ocrx_word' id='word_1_84' title='bbox 1118 1632 1209 1714; x_wconf 92' lang='lat' dir='ltr'>pedis</span> <span class='ocrx_word' id='word_1_85' title='bbox 1230 1634 1444 1698; x_wconf 88' lang='lat' dir='ltr'>continuatur.</span> 
     </span>
     <span class='ocr_line' id='line_1_15' title="bbox 151 1731 1445 1818; baseline 0.005 -24"><span class='ocrx_word' id='word_1_86' title='bbox 151 1731 253 1796; x_wconf 90' lang='lat' dir='ltr'>Huius</span> <span class='ocrx_word' id='word_1_87' title='bbox 275 1736 385 1795; x_wconf 89' lang='lat' dir='ltr'>autern</span> <span class='ocrx_word' id='word_1_88' title='bbox 407 1733 453 1796; x_wconf 92' lang='lat' dir='ltr'>rei</span> <span class='ocrx_word' id='word_1_89' title='bbox 474 1733 694 1810; x_wconf 89' lang='lat' dir='ltr'>inveniuntur,</span> <span class='ocrx_word' id='word_1_90' title='bbox 723 1735 755 1798; x_wconf 92' lang='lat' dir='ltr'>ni</span> <span class='ocrx_word' id='word_1_91' title='bbox 778 1734 888 1811; x_wconf 82' lang='lat' dir='ltr'>fallor,</span> <span class='ocrx_word' id='word_1_92' title='bbox 911 1732 1081 1798; x_wconf 88' lang='lat' dir='ltr'>duodecim</span> <span class='ocrx_word' id='word_1_93' title='bbox 1104 1736 1265 1817; x_wconf 89' lang='lat' dir='ltr'>exempla,</span> <span class='ocrx_word' id='word_1_94' title='bbox 1289 1756 1306 1800; x_wconf 92' lang='lat' dir='ltr'>e</span> <span class='ocrx_word' id='word_1_95' title='bbox 1330 1737 1445 1818; x_wconf 90' lang='lat' dir='ltr'>quibus</span> 
     </span>
     <span class='ocr_line' id='line_1_16' title="bbox 80 1835 1443 1917; baseline 0.004 -20"><span class='ocrx_word' id='word_1_96' title='bbox 80 1909 82 1912; x_wconf 17' lang='lat'>¹</span> <span class='ocrx_word' id='word_1_97' title='bbox 150 1854 267 1900; x_wconf 91' lang='lat' dir='ltr'>novem</span> <span class='ocrx_word' id='word_1_98' title='bbox 298 1840 374 1900; x_wconf 90' lang='lat' dir='ltr'>sunt</span> <span class='ocrx_word' id='word_1_99' title='bbox 400 1836 491 1913; x_wconf 89' lang='lat' dir='ltr'>talia,</span> <span class='ocrx_word' id='word_1_100' title='bbox 525 1841 562 1901; x_wconf 91' lang='lat' dir='ltr'>ut</span> <span class='ocrx_word' id='word_1_101' title='bbox 593 1838 728 1902; x_wconf 89' lang='lat' dir='ltr'>verbum</span> <span class='ocrx_word' id='word_1_102' title='bbox 760 1838 865 1902; x_wconf 90' lang='lat' dir='ltr'>solum</span> <span class='ocrx_word' id='word_1_103' title='bbox 897 1837 930 1900; x_wconf 92' lang='lat' dir='ltr'>in</span> <span class='ocrx_word' id='word_1_104' title='bbox 961 1835 1098 1904; x_wconf 89' lang='lat' dir='ltr'>alterum</span> <span class='ocrx_word' id='word_1_105' title='bbox 1130 1858 1255 1903; x_wconf 91' lang='lat' dir='ltr'>versum</span> <span class='ocrx_word' id='word_1_106' title='bbox 1286 1839 1443 1917; x_wconf 88' lang='lat' dir='ltr'>reiciatur,</span> 
     </span>
     <span class='ocr_line' id='line_1_17' title="bbox 149 1939 400 2017; baseline 0.004 -16"><span class='ocrx_word' id='word_1_107' title='bbox 149 1939 238 2004; x_wconf 86' lang='lat' dir='ltr'>velut</span> <span class='ocrx_word' id='word_1_108' title='bbox 259 1939 282 2017; x_wconf 94' lang='lat' dir='ltr'>I,</span> <span class='ocrx_word' id='word_1_109' title='bbox 299 1941 350 2017; x_wconf 86' lang='grc'>90,</span> <span class='ocrx_word' id='word_1_110' title='bbox 364 1942 400 2004; x_wconf 87' lang='lat'>5:</span> 
     </span>
    </p>

    <p class='ocr_par' dir='ltr' id='par_1_5' title="bbox 150 2045 1292 2744">
     <span class='ocr_line' id='line_1_18' title="bbox 521 2045 796 2127; baseline 0.007 -19"><span class='ocrx_word' id='word_1_111' title='bbox 521 2045 579 2108; x_wconf 91' lang='lat' dir='ltr'>sed</span> <span class='ocrx_word' id='word_1_112' title='bbox 601 2046 687 2126; x_wconf 87' lang='lat' dir='ltr'>rupti</span> <span class='ocrx_word' id='word_1_113' title='bbox 708 2045 796 2127; x_wconf 90' lang='lat' dir='ltr'>prius</span> 
     </span>
     <span class='ocr_line' id='line_1_19' title="bbox 391 2147 1195 2231; baseline 0.002 -21"><span class='ocrx_word' id='word_1_114' title='bbox 391 2147 527 2224; x_wconf 79' lang='lat' dir='ltr'>Periere,</span> <span class='ocrx_word' id='word_1_115' title='bbox 551 2169 649 2230; x_wconf 87' lang='lat' dir='ltr'>quam</span> <span class='ocrx_word' id='word_1_116' title='bbox 673 2149 761 2231; x_wconf 92' lang='lat' dir='ltr'>quod</span> <span class='ocrx_word' id='word_1_117' title='bbox 782 2151 942 2230; x_wconf 86' lang='lat' dir='ltr'>petierant</span> <span class='ocrx_word' id='word_1_118' title='bbox 964 2149 1195 2230; x_wconf 88' lang='lat' dir='ltr'>contingerent.</span> 
     </span>
     <span class='ocr_line' id='line_1_20' title="bbox 235 2251 1170 2334; baseline 0.001 -20"><span class='ocrx_word' id='word_1_119' title='bbox 235 2251 259 2328; x_wconf 93' lang='lat' dir='ltr'>l,</span> <span class='ocrx_word' id='word_1_120' title='bbox 283 2252 334 2328; x_wconf 87' lang='grc'>93,</span> <span class='ocrx_word' id='word_1_121' title='bbox 348 2253 384 2316; x_wconf 87' lang='lat'>7:</span> <span class='ocrx_word' id='word_1_122' title='bbox 418 2251 566 2334; x_wconf 90' lang='lat' dir='ltr'>Namque</span> <span class='ocrx_word' id='word_1_123' title='bbox 588 2256 649 2316; x_wconf 89' lang='lat' dir='ltr'>ista</span> <span class='ocrx_word' id='word_1_124' title='bbox 678 2253 785 2317; x_wconf 87' lang='lat' dir='ltr'>subita</span> <span class='ocrx_word' id='word_1_125' title='bbox 806 2273 858 2316; x_wconf 94' lang='lat' dir='ltr'>me</span> <span class='ocrx_word' id='word_1_126' title='bbox 880 2253 969 2316; x_wconf 89' lang='lat' dir='ltr'>iubet</span> <span class='ocrx_word' id='word_1_127' title='bbox 991 2252 1170 2334; x_wconf 84' lang='lat' dir='ltr'>benignitas</span> 
     </span>
     <span class='ocr_line' id='line_1_21' title="bbox 419 2355 1118 2438; baseline -0.004 -19"><span class='ocrx_word' id='word_1_128' title='bbox 419 2355 566 2437; x_wconf 79' lang='lat' dir='ltr'>Vigilere,</span> <span class='ocrx_word' id='word_1_129' title='bbox 590 2356 688 2420; x_wconf 88' lang='lat' dir='ltr'>facias</span> <span class='ocrx_word' id='word_1_130' title='bbox 710 2375 751 2421; x_wconf 90' lang='lat' dir='ltr'>ne</span> <span class='ocrx_word' id='word_1_131' title='bbox 773 2376 847 2420; x_wconf 90' lang='lat' dir='ltr'>mea</span> <span class='ocrx_word' id='word_1_132' title='bbox 869 2356 963 2438; x_wconf 91' lang='lat' dir='ltr'>culpa</span> <span class='ocrx_word' id='word_1_133' title='bbox 986 2355 1118 2418; x_wconf 91' lang='lat' dir='ltr'>lucrum.</span> 
     </span>
     <span class='ocr_line' id='line_1_22' title="bbox 150 2457 1292 2538; baseline -0.003 -16"><span class='ocrx_word' id='word_1_134' title='bbox 150 2457 198 2522; x_wconf 87' lang='lat' dir='ltr'>Cf.</span> <span class='ocrx_word' id='word_1_135' title='bbox 221 2458 244 2535; x_wconf 94' lang='grc' dir='ltr'>Ι,</span> <span class='ocrx_word' id='word_1_136' title='bbox 268 2459 320 2534; x_wconf 88' lang='grc'>97,</span> <span class='ocrx_word' id='word_1_137' title='bbox 336 2461 365 2523; x_wconf 84' lang='grc'>3.</span> <span class='ocrx_word' id='word_1_138' title='bbox 389 2458 445 2535; x_wconf 90' lang='grc' dir='ltr'>ΙΙΙ,</span> <span class='ocrx_word' id='word_1_139' title='bbox 472 2461 520 2536; x_wconf 90' lang='lat'>10,</span> <span class='ocrx_word' id='word_1_140' title='bbox 539 2461 652 2525; x_wconf 74' lang='lat' dir='ltr'>raro</span> <span class='ocrx_word' id='word_1_141' title='bbox 679 2461 728 2536; x_wconf 82' lang='lat'>16,</span> <span class='ocrx_word' id='word_1_142' title='bbox 741 2461 770 2524; x_wconf 87' lang='lat'>3.</span> <span class='ocrx_word' id='word_1_143' title='bbox 795 2460 832 2536; x_wconf 95' lang='lat' dir='ltr'>V,</span> <span class='ocrx_word' id='word_1_144' title='bbox 845 2461 874 2536; x_wconf 90' lang='lat'>7,</span> <span class='ocrx_word' id='word_1_145' title='bbox 887 2460 939 2524; x_wconf 89' lang='grc'>95.</span> <span class='ocrx_word' id='word_1_146' title='bbox 970 2460 1054 2538; x_wconf 86' lang='lat' dir='ltr'>App.</span> <span class='ocrx_word' id='word_1_147' title='bbox 1083 2457 1173 2531; x_wconf 88' lang='lat' dir='ltr'>ll,8.</span> <span class='ocrx_word' id='word_1_148' title='bbox 1197 2457 1248 2533; x_wconf 89' lang='grc'>97,</span> <span class='ocrx_word' id='word_1_149' title='bbox 1262 2457 1292 2519; x_wconf 77' lang='grc'>4.</span> 
     </span>
     <span class='ocr_line' id='line_1_23' title="bbox 236 2562 1074 2641; baseline -0.002 -16"><span class='ocrx_word' id='word_1_150' title='bbox 236 2563 336 2627; x_wconf 85' lang='lat' dir='ltr'>Paulo</span> <span class='ocrx_word' id='word_1_151' title='bbox 360 2563 467 2627; x_wconf 86' lang='lat' dir='ltr'>differt</span> <span class='ocrx_word' id='word_1_152' title='bbox 489 2563 512 2640; x_wconf 95' lang='grc' dir='ltr'>Ι,</span> <span class='ocrx_word' id='word_1_153' title='bbox 536 2565 588 2639; x_wconf 86' lang='grc'>99,</span> <span class='ocrx_word' id='word_1_154' title='bbox 602 2565 638 2627; x_wconf 88' lang='lat'>7:</span> <span class='ocrx_word' id='word_1_155' title='bbox 770 2563 904 2626; x_wconf 89' lang='lat' dir='ltr'>similem</span> <span class='ocrx_word' id='word_1_156' title='bbox 927 2562 953 2626; x_wconf 92' lang='lat' dir='ltr'>si</span> <span class='ocrx_word' id='word_1_157' title='bbox 975 2580 1074 2641; x_wconf 85' lang='lat' dir='ltr'>negas</span> 
     </span>
     <span class='ocr_line' id='line_1_24' title="bbox 428 2664 1278 2744; baseline -0.009 -13"><span class='ocrx_word' id='word_1_158' title='bbox 428 2667 501 2731; x_wconf 91' lang='lat' dir='ltr'>Tibi</span> <span class='ocrx_word' id='word_1_159' title='bbox 530 2687 582 2730; x_wconf 91' lang='lat' dir='ltr'>me</span> <span class='ocrx_word' id='word_1_160' title='bbox 605 2671 684 2744; x_wconf 91' lang='lat' dir='ltr'>esse,</span> <span class='ocrx_word' id='word_1_161' title='bbox 714 2670 800 2730; x_wconf 86' lang='lat' dir='ltr'>certe</span> <span class='ocrx_word' id='word_1_162' title='bbox 827 2666 959 2730; x_wconf 88' lang='lat' dir='ltr'>similest</span> <span class='ocrx_word' id='word_1_163' title='bbox 985 2664 1048 2727; x_wconf 89' lang='lat' dir='ltr'>hoc</span> <span class='ocrx_word' id='word_1_164' title='bbox 1076 2665 1181 2726; x_wconf 90' lang='lat' dir='ltr'>rostro</span> <span class='ocrx_word' id='word_1_165' title='bbox 1211 2665 1278 2725; x_wconf 92' lang='lat' dir='ltr'>tuo.</span> 
     </span>
    </p>

    <p class='ocr_par' dir='ltr' id='par_1_6' title="bbox 150 2764 1442 2957">
     <span class='ocr_line' id='line_1_25' title="bbox 235 2764 1442 2851; baseline -0.007 -16"><span class='ocrx_word' id='word_1_166' title='bbox 235 2771 423 2836; x_wconf 89' lang='lat' dir='ltr'>Subiectum</span> <span class='ocrx_word' id='word_1_167' title='bbox 442 2775 551 2835; x_wconf 91' lang='lat' dir='ltr'>autem</span> <span class='ocrx_word' id='word_1_168' title='bbox 574 2772 672 2835; x_wconf 91' lang='lat' dir='ltr'>modo</span> <span class='ocrx_word' id='word_1_169' title='bbox 695 2771 744 2834; x_wconf 90' lang='lat' dir='ltr'>bis</span> <span class='ocrx_word' id='word_1_170' title='bbox 765 2771 887 2851; x_wconf 87' lang='lat' dir='ltr'>primus</span> <span class='ocrx_word' id='word_1_171' title='bbox 910 2765 1156 2849; x_wconf 87' lang='lat' dir='ltr'>amphibrachys</span> <span class='ocrx_word' id='word_1_172' title='bbox 1178 2764 1316 2846; x_wconf 83' lang='lat' dir='ltr'>proximi</span> <span class='ocrx_word' id='word_1_173' title='bbox 1331 2784 1442 2828; x_wconf 88' lang='lat' dir='ltr'>versus</span> 
     </span>
     <span class='ocr_line' id='line_1_26' title="bbox 150 2875 389 2957; baseline -0.008 -17"><span class='ocrx_word' id='word_1_174' title='bbox 150 2875 389 2957; x_wconf 85' lang='lat' dir='ltr'>complectitur:</span> 
     </span>
    </p>

    <p class='ocr_par' dir='ltr' id='par_1_7' title="bbox 234 2972 1160 3056">
     <span class='ocr_line' id='line_1_27' title="bbox 234 2972 1160 3056; baseline -0.008 -14"><span class='ocrx_word' id='word_1_175' title='bbox 234 2979 256 3056; x_wconf 93' lang='grc' dir='ltr'>Ι,</span> <span class='ocrx_word' id='word_1_176' title='bbox 285 2980 333 3056; x_wconf 79' lang='grc'>14,</span> <span class='ocrx_word' id='word_1_177' title='bbox 355 2980 391 3042; x_wconf 88' lang='lat'>5:</span> <span class='ocrx_word' id='word_1_178' title='bbox 426 2979 486 3042; x_wconf 88' lang='lat' dir='ltr'>Hic</span> <span class='ocrx_word' id='word_1_179' title='bbox 509 2981 583 3042; x_wconf 84' lang='lat' dir='ltr'>crim</span> <span class='ocrx_word' id='word_1_180' title='bbox 606 2979 723 3041; x_wconf 88' lang='lat' dir='ltr'>iaceret</span> <span class='ocrx_word' id='word_1_181' title='bbox 746 2977 861 3041; x_wconf 91' lang='lat' dir='ltr'>morbo</span> <span class='ocrx_word' id='word_1_182' title='bbox 885 2975 1049 3040; x_wconf 87' lang='lat' dir='ltr'>confectus</span> <span class='ocrx_word' id='word_1_183' title='bbox 1072 2972 1160 3055; x_wconf 89' lang='lat' dir='ltr'>gravi</span> 
     </span>
    </p>

    <p class='ocr_par' dir='ltr' id='par_1_8' title="bbox 147 3077 1039 3577">
     <span class='ocr_line' id='line_1_28' title="bbox 420 3077 1034 3161; baseline -0.01 -16"><span class='ocrx_word' id='word_1_184' title='bbox 420 3082 492 3145; x_wconf 86' lang='lat' dir='ltr'>Rex</span> <span class='ocrx_word' id='word_1_185' title='bbox 514 3081 612 3157; x_wconf 84' lang='lat' dir='ltr'>urbis,</span> <span class='ocrx_word' id='word_1_186' title='bbox 636 3080 703 3144; x_wconf 92' lang='lat' dir='ltr'>eius</span> <span class='ocrx_word' id='word_1_187' title='bbox 726 3079 910 3161; x_wconf 88' lang='lat' dir='ltr'>experiendi</span> <span class='ocrx_word' id='word_1_188' title='bbox 932 3077 1034 3159; x_wconf 89' lang='lat' dir='ltr'>gratia</span> 
     </span>
     <span class='ocr_line' id='line_1_29' title="bbox 421 3185 764 3268; baseline -0.006 -18"><span class='ocrx_word' id='word_1_189' title='bbox 421 3185 584 3268; x_wconf 85' lang='lat' dir='ltr'>Scyphum</span> <span class='ocrx_word' id='word_1_190' title='bbox 607 3185 764 3267; x_wconf 86' lang='lat' dir='ltr'>poposcit.</span> 
     </span>
     <span class='ocr_line' id='line_1_30' title="bbox 250 3289 731 3365; baseline 0.004 -13"><span class='ocrx_word' id='word_1_191' title='bbox 250 3290 286 3365; x_wconf 89' lang='lat' dir='ltr'>V,</span> <span class='ocrx_word' id='word_1_192' title='bbox 311 3289 389 3353; x_wconf 78' lang='grc' dir='ltr'>798ι</span> <span class='ocrx_word' id='word_1_193' title='bbox 439 3345 442 3350; x_wconf 94' lang='grc'><em>.</em></span> <span class='ocrx_word' id='word_1_194' title='bbox 520 3289 619 3354; x_wconf 90' lang='lat' dir='ltr'>iactat</span> <span class='ocrx_word' id='word_1_195' title='bbox 640 3289 731 3354; x_wconf 88' lang='lat' dir='ltr'>basia</span> 
     </span>
     <span class='ocr_line' id='line_1_31' title="bbox 420 3391 1039 3475; baseline -0.003 -19"><span class='ocrx_word' id='word_1_196' title='bbox 420 3392 568 3475; x_wconf 72' lang='lat' dir='ltr'>Tibicen:</span> <span class='ocrx_word' id='word_1_197' title='bbox 599 3391 750 3474; x_wconf 86' lang='lat' dir='ltr'>gratulari</span> <span class='ocrx_word' id='word_1_198' title='bbox 772 3391 916 3455; x_wconf 86' lang='lat' dir='ltr'>fautores</span> <span class='ocrx_word' id='word_1_199' title='bbox 937 3393 1039 3472; x_wconf 90' lang='lat' dir='ltr'>putat.</span> 
     </span>
     <span class='ocr_line' id='line_1_32' title="bbox 147 3493 898 3577; baseline -0.001 -19"><span class='ocrx_word' id='word_1_200' title='bbox 147 3495 194 3559; x_wconf 90' lang='lat' dir='ltr'>De</span> <span class='ocrx_word' id='word_1_201' title='bbox 216 3493 267 3572; x_wconf 82' lang='lat' dir='ltr'>iV,</span> <span class='ocrx_word' id='word_1_202' title='bbox 291 3497 343 3573; x_wconf 86' lang='grc'>95,</span> <span class='ocrx_word' id='word_1_203' title='bbox 367 3498 408 3561; x_wconf 87' lang='grc'>93</span> <span class='ocrx_word' id='word_1_204' title='bbox 432 3495 504 3560; x_wconf 91' lang='lat' dir='ltr'>vide</span> <span class='ocrx_word' id='word_1_205' title='bbox 527 3515 610 3577; x_wconf 90' lang='lat' dir='ltr'>quae</span> <span class='ocrx_word' id='word_1_206' title='bbox 632 3494 732 3559; x_wconf 92' lang='lat' dir='ltr'>modo</span> <span class='ocrx_word' id='word_1_207' title='bbox 755 3495 898 3575; x_wconf 88' lang='lat' dir='ltr'>exposui.</span> 
     </span>
    </p>

    <p class='ocr_par' dir='ltr' id='par_1_9' title="bbox 145 3590 1440 3870">
     <span class='ocr_line' id='line_1_33' title="bbox 232 3590 1440 3674; baseline -0.01 -10"><span class='ocrx_word' id='word_1_208' title='bbox 232 3600 321 3664; x_wconf 91' lang='lat' dir='ltr'>Haec</span> <span class='ocrx_word' id='word_1_209' title='bbox 342 3620 394 3663; x_wconf 90' lang='lat' dir='ltr'>res</span> <span class='ocrx_word' id='word_1_210' title='bbox 416 3599 525 3664; x_wconf 86' lang='lat' dir='ltr'>fefellit</span> <span class='ocrx_word' id='word_1_211' title='bbox 547 3600 622 3663; x_wconf 89' lang='lat' dir='ltr'>Luc.</span> <span class='ocrx_word' id='word_1_212' title='bbox 645 3597 847 3674; x_wconf 87' lang='lat' dir='ltr'>Muellerum,</span> <span class='ocrx_word' id='word_1_213' title='bbox 872 3597 960 3661; x_wconf 92' lang='lat' dir='ltr'>cuius</span> <span class='ocrx_word' id='word_1_214' title='bbox 983 3616 1076 3660; x_wconf 93' lang='lat' dir='ltr'>aures</span> <span class='ocrx_word' id='word_1_215' title='bbox 1098 3593 1173 3658; x_wconf 91' lang='lat' dir='ltr'>alibi</span> <span class='ocrx_word' id='word_1_216' title='bbox 1195 3593 1228 3656; x_wconf 94' lang='lat' dir='ltr'>in</span> <span class='ocrx_word' id='word_1_217' title='bbox 1250 3609 1285 3654; x_wconf 87' lang='lat' dir='ltr'>re</span> <span class='ocrx_word' id='word_1_218' title='bbox 1308 3590 1440 3654; x_wconf 85' lang='lat' dir='ltr'>metrica</span> 
     </span>
     <span class='ocr_line' id='line_1_34' title="bbox 145 3694 1439 3781; baseline -0.007 -16"><span class='ocrx_word' id='word_1_219' title='bbox 145 3702 326 3767; x_wconf 89' lang='lat' dir='ltr'>tritissimas</span> <span class='ocrx_word' id='word_1_220' title='bbox 356 3723 425 3766; x_wconf 90' lang='lat' dir='ltr'>esse</span> <span class='ocrx_word' id='word_1_221' title='bbox 454 3701 611 3767; x_wconf 89' lang='lat' dir='ltr'>concedo:</span> <span class='ocrx_word' id='word_1_222' title='bbox 642 3701 770 3766; x_wconf 89' lang='lat' dir='ltr'>admisit</span> <span class='ocrx_word' id='word_1_223' title='bbox 799 3701 884 3765; x_wconf 90' lang='lat' dir='ltr'>enim</span> <span class='ocrx_word' id='word_1_224' title='bbox 912 3701 944 3765; x_wconf 94' lang='lat' dir='ltr'>in</span> <span class='ocrx_word' id='word_1_225' title='bbox 975 3699 1115 3764; x_wconf 80' lang='lat' dir='ltr'>Phaedri</span> <span class='ocrx_word' id='word_1_226' title='bbox 1139 3697 1260 3781; x_wconf 79' lang='lat' dir='ltr'>fabulis</span> <span class='ocrx_word' id='word_1_227' title='bbox 1287 3696 1376 3758; x_wconf 79' lang='lat' dir='ltr'>nouis</span> <span class='ocrx_word' id='word_1_228' title='bbox 1407 3694 1439 3757; x_wconf 93' lang='lat' dir='ltr'>in</span> 
     </span>
     <span class='ocr_line' id='line_1_35' title="bbox 145 3805 430 3870; baseline 0.004 -3"><span class='ocrx_word' id='word_1_229' title='bbox 145 3825 256 3870; x_wconf 91' lang='lat' dir='ltr'>versus</span> <span class='ocrx_word' id='word_1_230' title='bbox 278 3805 430 3870; x_wconf 86' lang='lat' dir='ltr'>redactis:</span> 
     </span>
    </p>

    <p class='ocr_par' dir='ltr' id='par_1_10' title="bbox 231 3907 1108 3991">
     <span class='ocr_line' id='line_1_36' title="bbox 231 3907 1108 3991; baseline -0.001 -20"><span class='ocrx_word' id='word_1_231' title='bbox 231 3909 299 3986; x_wconf 88' lang='lat' dir='ltr'>XV,</span> <span class='ocrx_word' id='word_1_232' title='bbox 324 3910 359 3973; x_wconf 85' lang='lat'>6:</span> <span class='ocrx_word' id='word_1_233' title='bbox 394 3908 484 3987; x_wconf 86' lang='lat' dir='ltr'>Quos</span> <span class='ocrx_word' id='word_1_234' title='bbox 507 3910 710 3991; x_wconf 82' lang='lat' dir='ltr'>conspicatus</span> <span class='ocrx_word' id='word_1_235' title='bbox 732 3927 825 3984; x_wconf 91' lang='lat' dir='ltr'>unus,</span> <span class='ocrx_word' id='word_1_236' title='bbox 849 3907 960 3988; x_wconf 87' lang='lat' dir='ltr'>quise</span> <span class='ocrx_word' id='word_1_237' title='bbox 984 3907 1108 3970; x_wconf 84' lang='lat' dir='ltr'>dixerat</span> 
     </span>
    </p>

    <p class='ocr_par' dir='ltr' id='par_1_11' title="bbox 393 4009 1110 4094">
     <span class='ocr_line' id='line_1_37' title="bbox 393 4009 1110 4094; baseline -0.004 -19"><span class='ocrx_word' id='word_1_238' title='bbox 393 4012 527 4094; x_wconf 91' lang='lat' dir='ltr'>Regem,</span> <span class='ocrx_word' id='word_1_239' title='bbox 551 4013 704 4076; x_wconf 89' lang='lat' dir='ltr'>continuo</span> <span class='ocrx_word' id='word_1_240' title='bbox 727 4012 816 4075; x_wconf 90' lang='lat' dir='ltr'>iussit</span> <span class='ocrx_word' id='word_1_241' title='bbox 838 4010 880 4075; x_wconf 90' lang='lat' dir='ltr'>ad</span> <span class='ocrx_word' id='word_1_242' title='bbox 903 4030 937 4074; x_wconf 92' lang='lat' dir='ltr'>se</span> <span class='ocrx_word' id='word_1_243' title='bbox 959 4009 1110 4091; x_wconf 86' lang='lat' dir='ltr'>pertrahi.</span> 
     </span>
    </p>

    <p class='ocr_par' dir='ltr' id='par_1_12' title="bbox 210 4112 1229 4198">
     <span class='ocr_line' id='line_1_38' title="bbox 210 4112 1229 4198; baseline -0.001 -20"><span class='ocrx_word' id='word_1_244' title='bbox 210 4115 305 4191; x_wconf 88' lang='lat' dir='ltr'>XVII,</span> <span class='ocrx_word' id='word_1_245' title='bbox 329 4116 364 4179; x_wconf 78' lang='grc' dir='ltr'>9ι</span> <span class='ocrx_word' id='word_1_246' title='bbox 396 4115 582 4178; x_wconf 82' lang='lat' dir='ltr'>Humanam</span> <span class='ocrx_word' id='word_1_247' title='bbox 604 4114 638 4178; x_wconf 94' lang='lat' dir='ltr'>in</span> <span class='ocrx_word' id='word_1_248' title='bbox 660 4116 800 4198; x_wconf 90' lang='lat' dir='ltr'>speciem</span> <span class='ocrx_word' id='word_1_249' title='bbox 823 4134 896 4178; x_wconf 88' lang='lat' dir='ltr'>cum</span> <span class='ocrx_word' id='word_1_250' title='bbox 918 4113 1065 4177; x_wconf 88' lang='lat' dir='ltr'>vertisset</span> <span class='ocrx_word' id='word_1_251' title='bbox 1087 4112 1229 4194; x_wconf 90' lang='lat' dir='ltr'>luppiter</span> 
     </span>
    </p>

    <p class='ocr_par' dir='ltr' id='par_1_13' title="bbox 393 4216 1115 4300">
     <span class='ocr_line' id='line_1_39' title="bbox 393 4216 1115 4300; baseline -0.001 -20"><span class='ocrx_word' id='word_1_252' title='bbox 393 4217 540 4298; x_wconf 79' lang='lat' dir='ltr'>Vulpem,</span> <span class='ocrx_word' id='word_1_253' title='bbox 563 4216 711 4300; x_wconf 84' lang='lat' dir='ltr'>legitimis</span> <span class='ocrx_word' id='word_1_254' title='bbox 732 4218 845 4300; x_wconf 86' lang='lat' dir='ltr'>paelex</span> <span class='ocrx_word' id='word_1_255' title='bbox 868 4221 904 4281; x_wconf 92' lang='lat' dir='ltr'>ut</span> <span class='ocrx_word' id='word_1_256' title='bbox 927 4217 1010 4281; x_wconf 92' lang='lat' dir='ltr'>sedit</span> <span class='ocrx_word' id='word_1_257' title='bbox 1026 4216 1115 4280; x_wconf 89' lang='lat' dir='ltr'>toris.</span> 
     </span>
    </p>
   </div>
   <div class='ocr_carea' id='block_1_3' title="bbox 143 4388 1438 4719">
    <p class='ocr_par' dir='ltr' id='par_1_14' title="bbox 143 4388 1438 4719">
     <span class='ocr_line' id='line_1_40' title="bbox 233 4388 1438 4460; baseline -0.002 -16"><span class='ocrx_word' id='word_1_258' title='bbox 233 4389 253 4456; x_wconf 88' lang='lat'>¹)</span> <span class='ocrx_word' id='word_1_259' title='bbox 280 4390 371 4445; x_wconf 92' lang='lat' dir='ltr'>Unum</span> <span class='ocrx_word' id='word_1_260' title='bbox 390 4391 555 4459; x_wconf 84' lang='lat' dir='ltr'>exemplum,</span> <span class='ocrx_word' id='word_1_261' title='bbox 581 4392 654 4460; x_wconf 92' lang='lat' dir='ltr'>quod</span> <span class='ocrx_word' id='word_1_262' title='bbox 673 4396 765 4445; x_wconf 87' lang='lat' dir='ltr'>tamen</span> <span class='ocrx_word' id='word_1_263' title='bbox 782 4407 817 4444; x_wconf 91' lang='lat' dir='ltr'>ne</span> <span class='ocrx_word' id='word_1_264' title='bbox 834 4391 924 4459; x_wconf 89' lang='lat' dir='ltr'>ipsum</span> <span class='ocrx_word' id='word_1_265' title='bbox 942 4390 1051 4458; x_wconf 90' lang='lat' dir='ltr'>quidem</span> <span class='ocrx_word' id='word_1_266' title='bbox 1070 4389 1148 4442; x_wconf 89' lang='lat' dir='ltr'>valde</span> <span class='ocrx_word' id='word_1_267' title='bbox 1166 4388 1286 4454; x_wconf 84' lang='lat' dir='ltr'>offendit,</span> <span class='ocrx_word' id='word_1_268' title='bbox 1305 4389 1368 4443; x_wconf 88' lang='lat' dir='ltr'>huic</span> <span class='ocrx_word' id='word_1_269' title='bbox 1385 4390 1438 4458; x_wconf 87' lang='lat' dir='ltr'>legi</span> 
     </span>
     <span class='ocr_line' id='line_1_41' title="bbox 144 4478 858 4546; baseline 0 -16"><span class='ocrx_word' id='word_1_270' title='bbox 144 4483 288 4546; x_wconf 86' lang='lat' dir='ltr'>repugnat:</span> <span class='ocrx_word' id='word_1_271' title='bbox 313 4478 356 4543; x_wconf 92' lang='lat' dir='ltr'>IV,</span> <span class='ocrx_word' id='word_1_272' title='bbox 376 4479 417 4541; x_wconf 87' lang='grc'>96,</span> <span class='ocrx_word' id='word_1_273' title='bbox 436 4478 486 4532; x_wconf 74' lang='lat' dir='ltr'>al:</span> <span class='ocrx_word' id='word_1_274' title='bbox 626 4478 734 4532; x_wconf 90' lang='lat' dir='ltr'>cuidam</span> <span class='ocrx_word' id='word_1_275' title='bbox 752 4478 858 4532; x_wconf 86' lang='lat' dir='ltr'>servolo</span> 
     </span>
     <span class='ocr_line' id='line_1_42' title="bbox 505 4562 1135 4633; baseline -0.005 -15"><span class='ocrx_word' id='word_1_276' title='bbox 505 4565 644 4633; x_wconf 74' lang='lat' dir='ltr'>Mandant,</span> <span class='ocrx_word' id='word_1_277' title='bbox 663 4569 693 4619; x_wconf 91' lang='lat' dir='ltr'>nt</span> <span class='ocrx_word' id='word_1_278' title='bbox 711 4565 746 4618; x_wconf 88' lang='lat' dir='ltr'>ad</span> <span class='ocrx_word' id='word_1_279' title='bbox 764 4580 793 4618; x_wconf 84' lang='lat' dir='ltr'>sa</span> <span class='ocrx_word' id='word_1_280' title='bbox 810 4567 940 4632; x_wconf 90' lang='lat' dir='ltr'>provocet</span> <span class='ocrx_word' id='word_1_281' title='bbox 959 4562 1135 4617; x_wconf 88' lang='lat' dir='ltr'>Simonidem.</span> 
     </span>
     <span class='ocr_line' id='line_1_43' title="bbox 143 4650 790 4719; baseline 0 -13"><span class='ocrx_word' id='word_1_282' title='bbox 143 4651 190 4706; x_wconf 94' lang='lat' dir='ltr'>ubi</span> <span class='ocrx_word' id='word_1_283' title='bbox 208 4651 342 4707; x_wconf 83' lang='lat' dir='ltr'>sententia</span> <span class='ocrx_word' id='word_1_284' title='bbox 360 4651 449 4706; x_wconf 85' lang='lat' dir='ltr'>finalis</span> <span class='ocrx_word' id='word_1_285' title='bbox 468 4650 565 4705; x_wconf 87' lang='lat' dir='ltr'>obiecti</span> <span class='ocrx_word' id='word_1_286' title='bbox 582 4651 643 4705; x_wconf 88' lang='lat' dir='ltr'>loco</span> <span class='ocrx_word' id='word_1_287' title='bbox 663 4650 790 4719; x_wconf 85' lang='lat' dir='ltr'>fungitur.</span> 
     </span>
    </p>
   </div>
   <div class='ocr_carea' id='block_1_4' title="bbox 0 0 1648 5198">
    <p class='ocr_par' dir='ltr' id='par_1_15' title="bbox 0 0 1648 5198">
     <span class='ocr_line' id='line_1_44' title="bbox 0 0 1648 5198; baseline 0 4"><span class='ocrx_word' id='word_1_288' title='bbox 0 0 1648 5198; x_wconf 95' lang='lat' dir='ltr'> </span> 
     </span>
    </p>
   </div>
  </div>
 </body>
</html>
