3286 5198
741 101 895 196 Q—

260 309 322 373 Mil.
347 309 424 392 glor.
445 309 524 373 473:
655 307 712 371 sed
734 325 912 388 numquam
934 306 1105 388 quisquam
1126 303 1232 382 faciet,
1263 303 1340 385 quin
1377 322 1478 367 soror

253 420 255 425 ’
549 386 652 476 istaec
674 411 712 474 sit
736 411 864 491 gemina
885 410 988 473 huius

450 516 528 580 974:
659 514 740 578 sicut
762 532 853 577 soror

552 603 627 682 llius
649 617 712 681 huc
735 617 863 699 gemina
883 616 971 680 venit
994 615 1166 698 Ephesum.

260 723 379 805 Amph.
406 724 484 788 303:
658 720 727 785 heri
749 721 837 802 quod
859 721 1006 785 homines
1029 722 1183 801 quattuor

509 802 545 889 ln
568 844 720 906 soporem
742 823 933 888 conlocastis
955 822 1070 886 nudos.

260 931 352 1012 Epid.
376 931 456 994 202:
652 928 719 1004 sed,
744 946 805 1002 ere,
829 931 964 1008 optuma

477 1032 542 1096 Vbs
567 1031 661 1095 video
685 1030 928 1112 opportunitate
950 1029 1067 1093 ambae
1089 1027 1250 1092 advenire.

573 1203 610 1267 B.
633 1208 671 1266 in
693 1202 864 1266 senariis
886 1200 1069 1277 iambicis.

262 1324 349 1388 Trin.
372 1324 451 1389 493:
481 1325 596 1405 Aequo
619 1323 785 1387 mendicus
808 1326 905 1403 atque
926 1322 979 1384 ille
1002 1321 1262 1403 opulentissimus

482 1427 656 1491 Censetur
678 1444 797 1490 censu
819 1426 861 1489 ad
883 1425 1119 1488 Accheruntem
1142 1411 1300 1490 mortuos.

261 1530 326 1594 Mil.
351 1530 429 1612 glor.
453 1531 532 1594 508:
557 1529 652 1607 Quod
675 1530 889 1593 concubinam
912 1528 1022 1592 erilem
1043 1528 1227 1592 insimulare
1250 1549 1349 1594 ausus
1371 1549 1407 1594 es

555 1634 670 1697 Probri
692 1633 845 1714 pudicam
857 1632 880 1714 1)
903 1650 1020 1712 meque
1042 1633 1159 1694 summi
1181 1633 1290 1714 flagiti.

456 1738 536 1801 551:
567 1737 648 1800 Nam
673 1757 712 1800 ex
733 1739 920 1817 unoyputeo
943 1734 1074 1798 similior
1095 1754 1272 1818 numquam
1296 1737 1382 1818 potis

560 1841 673 1921 Aqua
695 1837 846 1922 aquei2)
870 1837 953 1902 sumi
983 1858 1081 1920 quam
1108 1838 1189 1903 haec
1217 1843 1265 1902 est
1287 1843 1386 1921 atque
1409 1841 1472 1904 ista

647 1943 785 2023 hospita.

266 2046 383 2111 Bacch.
407 2047 486 2111 aba:
662 2066 713 2110 em
737 2067 804 2110 non
826 2047 987 2111 tantulum

512 2149 675 2232 Umquam
697 2151 877 2213 intermittit
898 2154 1036 2231 tempus,
1060 2151 1136 2232 quin
1160 2171 1233 2215 eum
1256 2151 1413 2215 nominet.

263 2253 382 2336 Amph.
408 2254 480 2319 314.
515 2253 609 2316 Most.
634 2254 707 2317 775.
741 2254 826 2316 Rud.
854 2255 935 2318 1235
958 2274 987 2318 v.
1011 2254 1071 2318 sub
1095 2259 1122 2342 β.

264 2356 355 2421 Talia
377 2356 505 2438 saepius
528 2356 616 2438 apud
638 2356 790 2420 Plautum
820 2362 1007 2433 occurrunt3
1038 2362 1173 2439 apparet
1192 2358 1287 2434 enim,
1310 2359 1470 2440 siquidem

178 2459 368 2524 adiectivum
383 2464 415 2523 et
431 2460 668 2523 substantivum
687 2461 904 2541 compluribus
923 2461 1056 2524 vocibus
1067 2461 1263 2543 interpositis
1280 2461 1470 2544 disiungun-

177 2566 239 2642 tur,
262 2562 339 2628 nihil
360 2562 427 2626 fere
448 2562 611 2640 interesse,
633 2568 743 2626 utrum
765 2563 881 2626 eodem
902 2583 996 2627 versu
1019 2564 1336 2645 comprehendantur
1357 2585 1471 2630 necne.

180 2735 209 2804 β.
227 2734 426 2789 Adiectivum
444 2736 476 2788 et
493 2733 662 2802 positivum
681 2737 748 2789 erte
767 2735 958 2789 collocantur
974 2735 1061 2789 nulle
1074 2750 1150 2790 voce
1166 2738 1220 2790 aut
1233 2750 1332 2804 parve
1349 2739 1472 2791 tentum

650 2821 762 2875 vocula
779 2819 998 2875 intercedente.

265 2925 336 2988 Hac
358 2925 391 2987 in
413 2942 448 2986 re
472 2923 569 2987 etiam
591 2924 853 3005 distinguendum
880 2928 928 2988 est
950 2926 1032 2988 inter
1062 2926 1218 2990 adiectira
1245 2926 1409 3008 trisyllaba
1440 2931 1474 2992 et

180 3029 354 3111 disyllaba3
379 3031 410 3091 et
432 3027 485 3090 illa
508 3028 637 3108 quidem
660 3029 800 3108 primum
822 3032 936 3092 tracto.

531 3199 570 3264 A.
593 3199 630 3262 in
652 3200 834 3264 versibus
862 3201 1124 3282 longioribus.

266 3319 382 3384 Pseud.
408 3319 485 3384 732:
657 3320 714 3384 sed
736 3320 877 3402 quinque
898 3320 1035 3385 inventis
1058 3341 1139 3403 opus
1162 3326 1211 3386 est
1233 3322 1356 3404 argenti
1378 3309 1476 3388 minis

506 3422 633 3501 Metuis,
660 3443 741 3505 quas
762 3424 859 3488 hodie
882 3424 1026 3488 reddam.

267 3525 329 3589 Mil.
355 3527 432 3609 glor.
457 3528 537 3591 ddd:
668 3528 790 3613 ferit(?)
813 3528 918 3592 femur
1411 3615 1413 3618 ι

556 3633 740 3710 Dexterum
763 3635 807 3697 ita
826 3634 1033 3696 vehementer
1051 3633 1136 3696 eicit:
1160 3632 1248 3714 quod
1268 3635 1353 3714 agat,
1376 3652 1475 3714 aegre

648 3737 798 3818 suppetit.

270 3837 342 3904 Aul.
367 3839 443 3902 eta:
575 3860 634 3921 age
667 3859 778 3903 rusum
812 3838 946 3903 ostende
968 3838 1031 3902 huc
1058 3858 1191 3902 manum

471 3943 654 4007 Dexteram.
678 3943 712 4011 lss
729 3944 798 4009 Em.
823 3945 854 4008 tss
877 3943 971 4006 Nunc
994 3942 1120 4006 laevam
1143 3942 1288 4007 ostende.

575 4114 611 4178 B.
635 4115 675 4178 in
697 4115 866 4179 senariis
889 4114 1076 4179 iambicis

273 4234 362 4299 Trin.
387 4237 465 4299 789:
487 4235 562 4299 Non
584 4236 748 4300 arbitraris
770 4239 840 4298 tum
863 4236 1102 4300 adulescentem
1123 4236 1210 4298 anuli

486 4338 616 4403 Paterni
638 4339 764 4420 signum
787 4340 934 4403 novisse?

183 4427 440 4437 ——--——--——-

271 4474 281 4515 Ι
351 4516 357 4528 .
396 4475 462 4527 ,m

269 4476 292 4625 ἓξ
319 4475 359 4613 (Ihfe
376 4492 454 4613 1chdd.
474 4577 529 4614 var.
549 4562 637 4630 script.
658 4563 690 4615 cl.
709 4564 749 4616 ed.
769 4562 885 4620 ansehn
903 4563 936 4616 el.
955 4563 1024 4620 Men.
1046 4564 1119 4621 1089.

283 4712 460 4848 Α
