3284 5214
711 143 752 205 55

399 351 478 414 971:
511 349 605 413 Nunc
626 352 658 412 te
681 368 774 413 orare
796 351 893 431 atque
915 347 1086 412 obsecrare
1108 347 1213 426 iussit,
1246 351 1282 412 ut
1305 368 1378 413 eam

595 452 722 533 copiam

518 555 585 620 Sibi
606 558 866 637 potestatemque
889 554 997 619 facias.

172 657 292 740 Amph.
318 658 418 722 1021:
573 658 621 722 lta
643 658 768 739 loquor.
792 656 826 724 ssl
848 657 921 722 Tibi
943 657 1087 740 luppiter

433 761 536 843 Dique
560 780 672 825 omnes
695 761 768 825 irati
790 764 878 825 certo
901 764 985 824 sunt.

172 865 256 930 Men.
280 866 358 931 811:
514 883 677 928 summum
698 870 811 928 Iovem

433 967 583 1049 Deosque
606 966 648 1030 do
671 966 762 1030 testis
786 1003 826 1013 —
849 964 884 1035 iss
906 966 978 1044 Qua
1000 967 1041 1031 de
1063 986 1162 1031 re...

172 1070 236 1135 Mil.
259 1070 338 1153 glor.
362 1071 442 1135 670:
475 1069 558 1134 Huic
586 1089 646 1152 pro
677 1069 798 1134 meritis
819 1072 856 1133 ut
878 1069 990 1134 referri
1010 1069 1133 1152 pariter
1152 1071 1254 1153 possit
1276 1071 1379 1153 gratia

475 1172 625 1255 Tibique‚
649 1171 765 1255 quibus
786 1192 874 1237 nunc
895 1192 949 1236 me
971 1191 1041 1237 esse
1064 1174 1211 1255 experior
1232 1194 1378 1240 summae

572 1275 785 1341 sollicitudini.

349 1380 446 1444 1354:
481 1378 688 1461 Quamquam
710 1380 789 1443 alios
812 1379 971 1444 fideliores
1004 1398 1133 1462 semper
1159 1379 1298 1444 habuisti
1320 1381 1379 1445 tibi

481 1480 587 1559 Quam
615 1501 685 1561 me,
714 1486 824 1547 tamen
851 1482 909 1546 tibi
936 1482 1043 1547 habeo
1066 1502 1220 1566 magnam
1242 1485 1379 1566 gratiam

587 1604 696 1649 rerum
719 1586 873 1650 omnium.

174 1689 268 1754 Most.
295 1689 394 1754 1162:
424 1688 499 1753 Non
527 1689 633 1771 potuit
653 1689 762 1752 venire
786 1692 896 1753 orator
917 1689 1018 1771 magis
1041 1688 1084 1753 ad
1105 1709 1158 1754 me
1180 1689 1379 1772 inpetrabilis

425 1791 530 1870 Quam
546 1796 595 1856 tu:
616 1812 722 1874 neque
738 1791 785 1855 illi
798 1791 864 1856 iam
880 1813 952 1856 sum
968 1792 1068 1856 iratus
1084 1812 1190 1875 neque
1207 1794 1377 1876 quicquam

523 1897 551 1959 ei
574 1915 756 1961 suscenseo.

174 1999 237 2065 Mil.
260 2000 339 2082 glor.
364 2000 444 2064 690:
475 1999 594 2062 Verum
630 1999 818 2080 priusquam
851 1997 924 2079 galli
969 2001 1116 2075 cantent,
1161 2019 1245 2081 quae
1274 2020 1327 2064 me
1361 2021 1379 2065 e

552 2120 667 2165 somno
690 2101 821 2166 suscitet

476 2204 582 2268 Dicat:
613 2203 669 2281 da,
700 2204 745 2267 mi
766 2205 827 2281 vir,
859 2203 1007 2269 Calendis
1034 2224 1143 2268 meam
1165 2205 1219 2288 qui
1241 2211 1379 2272 matrem

552 2327 749 2374 moenerem.

348 2413 445 2476 1239:
476 2410 510 2475 Si
528 2411 584 2493 pol
600 2431 652 2475 me
668 2411 757 2475 nolet
775 2411 891 2476 ducere
910 2430 1054 2488 uxorem,
1077 2431 1183 2493 genua
1202 2414 1381 2501 amplectar

476 2515 583 2595 Atque
606 2513 794 2578 obsecrabo.

481 2721 517 2787 B.
552 2720 590 2784 in
612 2718 779 2783 senariis
801 2718 992 2782 iambicis.

174 2845 261 2911 Trin.
285 2846 366 2909 490:
399 2843 439 2907 Di
461 2842 574 2906 divites
596 2844 680 2917 sunt,
704 2840 782 2904 deos
805 2839 919 2904 decent
942 2840 1127 2922 opulentiae

401 2947 440 3010 Et
463 2945 628 3012 factiones.

174 3069 238 3133 Mil.
262 3068 341 3150 glor.
365 3068 444 3132 564:
576 3086 654 3130 nam
675 3065 841 3130 hominem
863 3085 992 3130 servom
1013 3087 1089 3131 suos

475 3169 623 3234 Domitbs
645 3169 766 3233 habere
789 3173 918 3252 oportet
940 3169 1050 3234 oculos
1073 3173 1105 3234 et
1127 3187 1242 3234 manus

477 3273 738 3353 Orationemque.

127 3424 129 3428 ·
174 3396 257 3462 Men.
282 3395 359 3459 552:
394 3393 459 3458 Sed
481 3393 558 3476 quid
581 3413 640 3474 ego
664 3413 763 3470 cesso,
787 3393 865 3457 dum
888 3393 983 3458 datur
1004 3394 1049 3458 mi
1071 3393 1196 3457 occasio

392 3498 609 3579 Tempusque,
632 3496 721 3560 abire
743 3496 785 3560 ab
808 3495 856 3560 his
878 3497 955 3561 locis
977 3497 1152 3561 lenonicis'?

174 3619 274 3686 Poen.
296 3620 377 3683 477:
508 3618 632 3682 viscum
653 3617 770 3699 legioni
792 3617 865 3681 dedi

401 3721 603 3804 Fundasque.

175 3825 290 3892 Pseud.
315 3827 394 3891 836:
526 3829 560 3889 at
581 3828 614 3889 te
636 3825 778 3906 luppiter

421 3929 524 4010 Dique
547 3932 660 3992 omnes
682 3928 820 4012 perdant
843 3946 916 3991 cum
939 3925 1152 3990 condimentis
1175 3924 1247 3990 tuis.

175 4045 268 4116 Most.
293 4051 349 4115 38:
480 4054 514 4115 at
536 4054 568 4114 te
591 4050 733 4130 luppiter

381 4154 485 4235 Dique
508 4155 621 4216 omnes
642 4151 789 4234 perdant.

130 4316 133 4321 -
175 4274 259 4338 Men.
282 4275 363 4338 471:
493 4274 526 4337 ni
548 4273 633 4337 hanc
655 4272 803 4337 iniuriam

398 4377 514 4460 Meque
536 4377 622 4440 ultus
643 4375 753 4457 pulcre
776 4375 875 4440 fuero.

176 4499 262 4563 Trin.
286 4501 343 4565 24:
377 4498 562 4562 Inmoenest
583 4497 715 4574 facinus,
739 4516 852 4561 verum
874 4496 907 4559 in
930 4498 1036 4559 aetate
1058 4494 1136 4558 utile

375 4603 416 4667 Et
438 4600 648 4668 conducibile.
