3286 5198
742 115 896 211 —aa—

174 317 209 388 2.
237 317 469 387 Adverbium
491 322 639 405 spectat
661 320 709 389 ad
727 319 955 391 adiectivum
974 321 1130 408 aliquod
1147 323 1210 392 vel
1230 322 1278 390 ad
1295 321 1466 393 substan·

415 421 536 491 tivum
559 442 642 492 oum
664 422 944 509 praepositione
968 424 1216 494 coniunctum.

308 542 549 607 Adverhium
572 564 730 626 semper
753 546 960 609 antecedit
983 546 1179 628 inpriore
1201 566 1326 613 versa.

516 666 554 731 A.
587 666 624 728 in
646 665 834 728 versibus
856 665 1118 747 longioribus,

259 783 354 848 Extat
375 804 478 848 unum
500 786 609 863 mod0,
633 786 721 868 quod
743 786 852 863 sclam,
876 787 1076 868 exemplum:

257 886 373 953 Pseud.
399 889 496 952 lma:
520 889 638 971 Magno
654 890 768 972 capite,
785 891 885 953 acutis
898 891 1006 968 oculis,
1020 911 1075 955 ore
1086 891 1275 970 rubicond0,
1289 893 1466 957 admodum

521 991 643 1074 Magnis
654 994 799 1074 pedibus.
814 991 847 1059 lss
859 994 1038 1072 Perdidisti,
1050 999 1224 1078 postquam
1235 996 1341 1061 dixisti
1354 997 1463 1078 pedes.

172 1116 225 1159 ore
246 1095 419 1160 radicando
443 1096 625 1180 admodam,
648 1097 776 1183 Mapais
798 1097 940 1161 distinxit
964 1098 1039 1162 olim
1061 1098 1196 1163 Bothius
1218 1099 1314 1181 idque
1342 1100 1463 1177 ,male“

171 1197 335 1261 Ritschelii
362 1197 488 1264 iudicio,
534 1199 573 1262 Et
603 1219 681 1263 sane
703 1204 789 1264 recte
812 1201 962 1265 iudicavit
985 1201 1195 1277 Ritschelius3
1229 1221 1307 1267 nam
1334 1222 1466 1269 omnem

172 1302 278 1365 iocum
305 1299 399 1364 huius
425 1301 551 1383 lepidae
581 1302 802 1384 descriptionis
830 1303 968 1368 hominis
998 1305 1031 1368 in
1061 1304 1121 1368 illis
1152 1305 1323 1370 admodum
1344 1310 1467 1392 mapale

166 1405 300 1490 pedibus
322 1405 419 1469 situm
441 1425 511 1473 esse
534 1408 655 1487 optime
678 1427 695 1471 e
718 1427 874 1489 responso
896 1407 1049 1472 Ballionis
1071 1410 1215 1489 apparet.
1246 1446 1286 1454 -
1315 1408 1466 1474 Ceterum

57 1572 60 1579 ,
172 1508 410 1572 animadvertas
431 1507 527 1572 velim
549 1509 706 1575 hocloco
729 1512 827 1575 verba
850 1511 1028 1576 collocandi
1047 1511 1216 1589 rationem,
1241 1512 1359 1595 qnippe
1382 1534 1466 1596 quae

171 1613 211 1676 sit
233 1614 368 1692 propter
389 1611 470 1675 duas
492 1632 543 1676 res
564 1614 737 1682 laudanda.
782 1615 927 1680 Primum
950 1615 1051 1691 enim,
1076 1634 1150 1678 cum
1171 1614 1214 1692 id,
1238 1616 1326 1696 quod
1348 1617 1465 1692 summi

170 1715 329 1779 momenti
356 1717 423 1796 est,
454 1734 521 1779 non
544 1717 642 1781 modo
670 1722 835 1799 postremo
864 1719 937 1782 loco
965 1718 1111 1800 ponitur,
1143 1719 1201 1782 sed
1228 1718 1326 1782 etiam
1355 1740 1471 1785 versus¹

171 1819 260 1900 prior
278 1816 437 1881 vocabulo
461 1819 640 1905 admodum,
664 1823 752 1903 qnod
780 1822 822 1885 ad
846 1842 915 1885 rem
936 1822 1118 1902 aagendam
1137 1822 1231 1898 valet,
1256 1822 1464 1901 concluditur,

171 1943 222 1988 res
252 1926 362 1987 autem
384 1925 454 2002 ipsa
482 1925 515 1988 in
538 1925 719 2007 insequenti
742 1925 873 1989 demum
894 1945 991 1988 versu
1012 1930 1162 2007 apparet,
1185 1924 1465 1991 vehementissime

172 2026 326 2091 Ballionis
348 2028 506 2110 simulque
528 2031 748 2109 spectatorum
770 2028 967 2111 exspectatio
985 2028 1149 2094 excitatur.
1183 2028 1268 2092 Tum
1281 2028 1464 2094 allitteratio

172 2130 344 2195 verborum
367 2131 486 2213 priscis
509 2134 545 2195 ut
568 2131 641 2209 dixi,
664 2132 757 2196 valde
780 2136 913 2213 accepta
936 2131 1080 2196 efficitur.

557 2286 593 2350 B.
629 2287 669 2350 in
691 2287 865 2350 senariis
888 2286 1080 2351 iambicis.

259 2406 347 2470 Trin.
371 2407 451 2472 593:
609 2408 668 2471 etsi
691 2408 867 2471 admodum
879 2406 903 2489 Ι)

473 2510 510 2573 In
533 2510 716 2591 ambiguost
738 2511 931 2585 etiamnunc,
956 2510 1032 2589 quid
1055 2529 1092 2573 ea
1115 2509 1250 2573 reluat.

258 2612 374 2677 Pseud.
398 2615 477 2677 410:
513 2613 610 2676 Erum
634 2617 744 2676 eccum
763 2613 857 2675 video
880 2612 943 2675 huc
965 2632 1075 2675 senem
1094 2612 1261 2676 Simonem
1283 2632 1348 2676 una
1370 2613 1464 2677 simul

443 2788 446 2794 ¹
513 2714 596 2780 Cum
619 2719 678 2779 sud
700 2716 805 2778 vicino
829 2715 1018 2797 Calliphone
1040 2714 1197 2780 incedere.

400 2821 479 2884 462:
514 2819 597 2883 Sunt
619 2822 702 2900 quae
724 2823 757 2882 te
779 2818 928 2882 volumus
950 2819 1143 2899 percontari,
1167 2838 1250 2900 quae
1272 2817 1399 2902 quasin

516 2922 578 2985 Per
599 2922 752 2985 nebulam
774 2926 902 2985 nosmet
924 2921 1041 2985 scimus
1063 2925 1161 3002 atque
1184 2920 1372 2986 audivimus.

401 3027 479 3090 aaa:
637 3023 742 3108 tamn
765 3024 823 3088 obi
1319 3011 1320 3015 '

493 3129 609 3192 Mirum
631 3129 664 3192 id
685 3129 832 3192 videtur?

259 3233 322 3297 Mil.
346 3233 425 3314 glor.
459 3232 642 3296 huiusmodi
665 3232 818 3312 exemplis
842 3236 938 3296 caret.

259 3335 351 3401 Cure.
375 3337 457 3400 lar:
493 3336 660 3400 Concede:
690 3335 856 3416 inspiciam
886 3335 962 3416 quid
993 3336 1033 3398 sit
1060 3335 1224 3416 scriptum.
1253 3335 1287 3403 lss
1315 3335 1465 3399 Maxume

491 3439 563 3502 Tuo
587 3438 752 3514 arbitratu,
776 3439 854 3502 dnm
876 3439 987 3502 aufero
1011 3438 1069 3502 abs
1091 3442 1124 3502 te
1146 3437 1178 3501 id
1202 3438 1290 3520 quod
1312 3443 1398 3520 peto.

258 3542 347 3607 Haec
371 3542 518 3624 exempla
540 3541 617 3605 mihi
639 3541 735 3622 digna
752 3542 820 3604 visa
836 3544 919 3616 sunt,
944 3561 1026 3623 qaae
1044 3545 1384 3606 commemorarentur.
1419 3543 1466 3606 Ex

174 3647 222 3710 his
251 3647 344 3724 talia,
375 3646 482 3729 qualia
513 3649 605 3709 sunt:
640 3645 808 3709 admodum
839 3643 906 3728 lla
938 3644 1126 3727 anibipaosl,
1158 3646 1252 3708 simul
1276 3643 1279 3729 Ι
1306 3645 1384 3709 Oula
1409 3667 1465 3709 sao

172 3752 289 3834 vicimo,
310 3753 401 3836 quasi
420 3748 422 3834 l
440 3750 503 3814 Per
519 3749 678 3829 achalam,
702 3768 847 3811 maxume
866 3746 868 3832 l
892 3748 958 3812 Tao
977 3747 1136 3811 arbitrata
1151 3765 1218 3810 non
1237 3747 1282 3811 ita
1300 3767 1373 3812 rara
1391 3753 1466 3812 sunt

173 3872 233 3917 nec
251 3853 421 3935 quisquam
436 3854 469 3916 in
491 3852 540 3916 his
559 3852 710 3915 offendet.
755 3852 784 3914 A
807 3869 876 3914 suo
898 3870 990 3913 vero
1014 3849 1210 3913 adiectivo
1234 3850 1465 3915 adverbium

172 3975 311 4020 versus
334 3956 411 4020 fine
435 3955 563 4019 dirimi
594 3954 690 4018 alibi
713 3974 788 4018 non
810 3954 985 4034 repperi3
1007 3953 1161 4035 'quamvis
1184 3953 1224 4016 de
1247 3953 1373 4018 duobus
1396 3955 1464 4031 illis,

146 4056 148 4058 ’
174 4079 257 4139 quae
279 4059 380 4136 attuli,
404 4059 558 4140 exemplis
589 4059 773 4140 (admodum
798 4057 801 4143 l
826 4060 1037 4143 Mapms...‚,
1061 4065 1125 4120 tam
1154 4057 1211 4121 tibi
1235 4055 1238 4142 l
1263 4057 1425 4122 listram..
1441 4059 1464 4140 .)

173 4181 240 4226 non
262 4162 416 4226 dubitem.

260 4334 280 4401 ¹)
307 4338 459 4388 Admodum
483 4333 630 4402 particulae
653 4333 813 4386 affirmantis
837 4333 997 4402 exemplum,
1020 4333 1094 4402 quod
1118 4337 1191 4387 extat
1209 4332 1284 4400 Epid.
1312 4333 1369 4400 104,
1395 4333 1465 4386 infra

171 4437 231 4489 cap.
250 4421 306 4475 XV.
325 4421 360 4489 (p.
380 4421 423 4487 69)
443 4419 528 4473 attuli.

258 4505 280 4573 ²)
309 4507 347 4560 cf.
365 4506 443 4575 Epid.
462 4507 521 4570 iao,
540 4505 586 4573 qui
604 4510 696 4558 tamen
714 4506 789 4558 locus
808 4506 853 4558 vix
871 4523 954 4559 sanus
973 4511 1023 4560 est.

259 4591 282 4659 3)
310 4602 365 4647 tam
382 4593 413 4657 A,
432 4596 490 4646 iam
508 4592 564 4645 Pal.
