3286 5198
753 130 907 227 —3-7—

182 336 308 417 saepius
339 355 431 401 secus
458 337 528 401 fieri
558 341 590 401 et
618 357 716 419 supra
745 338 812 424 (ubi
841 337 881 402 de
910 337 1038 402 Graecis
1065 338 1166 403 verba
1195 338 1270 402 feci:
1299 359 1330 420 p.
1355 338 1477 422 3sqq.)

181 439 293 503 monui
315 443 348 504 et
369 439 453 504 infra
475 460 638 521 exponam
661 442 713 519 (cf.
736 462 768 523 p.
792 443 857 527 54).

266 542 418 608 Ceterum
441 544 538 608 statui
559 545 678 625 possit,
705 545 761 609 ubi
782 545 989 627 imperativus
1018 549 1108 611 extat
1136 548 1169 609 et
1192 544 1335 608 celeriter
1358 544 1477 627 aliquid

180 646 231 727 agi
243 645 381 724 iubetur,
400 647 589 712 adverbium
606 648 739 712 solutius
756 668 825 712 esse
840 650 982 730 positum
996 652 1028 713 et
1040 652 1198 730 tanquam
1210 648 1478 712 exclamationem

180 749 293 815 efferri.
339 749 423 813 Hinc
445 749 523 815 illud
545 753 690 815 strenue!
717 752 721 835 Ι
751 772 841 816 curre
863 755 898 816 in
920 752 1071 817 Piraeum
1093 751 1194 836 (Trin.
1220 750 1328 833 1121).

320 937 352 1005 b.
385 938 628 1003 adverbium
650 940 692 1003 in
714 940 887 1005 alterius
909 960 1052 1006 versus
1075 940 1197 1004 initio
1221 943 1342 1004 extat.

524 1059 562 1124 A.
599 1059 638 1123 in
660 1060 848 1125 versibus
871 1059 1137 1142 longioribus

266 1161 382 1226 Pseud.
410 1162 488 1226 707:
647 1164 759 1228 confer
780 1163 916 1245 gradum

526 1264 649 1330 Cdntra
658 1266 786 1348 pariter.
806 1286 907 1349 porge
919 1267 1074 1332 audacter
1084 1266 1271 1330 adsalutem
1280 1265 1475 1332 bracchium.

180 1367 324 1449 Apparet
345 1370 456 1432 tamen
479 1368 584 1433 solute
607 1389 705 1451 quarn
727 1371 867 1434 maxime
889 1369 1031 1451 positum
1054 1389 1123 1434 esse
1146 1378 1256 1433 contra
1273 1373 1411 1453 pariter.

264 1470 380 1537 Pseud.
406 1472 487 1537 730:
645 1473 785 1536 necdum
808 1473 873 1536 exit
896 1492 936 1536 ex
959 1473 1092 1537 aedibus

526 1574 717 1657 (inaquam,
748 1595 853 1658 neque
881 1574 1027 1640 Athenas
1057 1576 1186 1640 advenit
1219 1595 1374 1656 umquam
1401 1578 1477 1638 ante

596 1678 783 1743 hesternum
807 1679 902 1744 diem.

264 1780 327 1847 Mil.
351 1781 430 1863 glor.
459 1781 542 1846 1044
568 1780 631 1846 huc
665 1802 731 1845 non
762 1781 917 1864 pertinet;
952 1802 1028 1847 nam
1061 1783 1105 1846 ibi
1138 1802 1212 1846 meo
1245 1781 1361 1845 iudicio
1396 1781 1477 1845 falso

178 1883 382 1966 distmguitur
415 1885 448 1948 in
483 1884 693 1960 editionibus;
727 1885 816 1950 locus
846 1905 920 1950 cum
949 1887 1062 1950 ceteris
1083 1885 1177 1950 huius
1205 1885 1295 1949 modi
1321 1887 1477 1948 tractatur

177 1987 210 2050 in
233 1988 413 2069 appendice
437 1989 460 2054 I.

263 2091 327 2158 Mil.
351 2092 430 2173 glor.
457 2092 559 2156 1220:
715 2112 788 2156 curn
811 2092 881 2174 ipso
904 2093 960 2174 pol
982 2114 1054 2157 sum
1076 2093 1184 2157 locuta

447 2214 449 2219 ⁴
592 2195 732 2272 Placide,
756 2199 845 2277 ipsae
868 2196 945 2260 durn
969 2196 1137 2260 lubitumst
1154 2195 1242 2271 mihi,
1266 2195 1378 2268 otiose,
1402 2213 1475 2257 meo

696 2299 865 2367 arbitratu.

179 2400 215 2464 lu
241 2400 340 2466 altero
368 2422 464 2466 versu
494 2402 720 2466 constituendo
747 2401 932 2482 Ussiugium
961 2408 1089 2466 secutus
1117 2421 1205 2483 sum,
1239 2401 1295 2464 ubi
1323 2400 1395 2464 libri
1423 2420 1476 2464 ex-

176 2505 300 2570 hibent:
317 2507 447 2590 placide
465 2509 531 2591 ipse
554 2506 628 2570 dum
651 2506 773 2570 libitum
796 2513 839 2569 est
855 2506 932 2568 milii
955 2508 1049 2569 otiose
1064 2526 1129 2568 meo
1149 2503 1308 2568 arbitratu
1327 2512 1362 2568 ut
1380 2505 1474 2568 colui.

177 2607 272 2686 Quod
302 2627 376 2672 cunr
403 2609 488 2673 iusto
518 2609 643 2691 longius
670 2609 725 2685 sit,
752 2608 810 2672 viri
841 2608 927 2672 docti
957 2608 1037 2672 alius
1067 2606 1153 2671 aliud
1177 2607 1368 2683 omiserunt3
1398 2626 1475 2670 nam

174 2711 299 2776 Brixius
323 2731 362 2776 ex
385 2713 546 2776 malorum
569 2712 717 2776 codicum
740 2711 778 2797 (F
794 2713 831 2796 Z)
855 2711 919 2776 fide
942 2711 1065 2775 malum
1087 2730 1216 2774 versum
1240 2709 1439 2773 constituens
1450 2708 1474 2792 ¹]

175 2815 294 2879 frustra
311 2819 369 2882 est.
392 2816 466 2880 Veri
486 2815 682 2880 simillimum
695 2819 753 2894 est,
773 2816 806 2879 id
818 2815 906 2897 quod
918 2814 1123 2879 Fleckeiseno
1143 2813 1206 2897 (ep.
1220 2813 1288 2878 crit.
1301 2832 1333 2893 p.
1345 2812 1474 2896 XXVII)

174 2918 278 2982 vIsum
301 2922 360 2996 est,
383 2938 479 2983 voces
501 2927 536 2983 nt
557 2919 643 2983 volui
665 2919 832 3000 interpreti
849 2918 969 2984 deberi.
1005 2918 1101 2996 Quod
1120 2921 1230 2982 autern
1248 2918 1336 3000 ipsae
1359 2915 1476 3000 (possis

175 3021 273 3085 eliam
301 3024 379 3105 apsi,
413 3022 591 3086 dummodo
614 3022 655 3086 sit
678 3023 817 3108 dativus)
841 3022 952 3103 scripsi
975 3027 1072 3105 atque
1094 3023 1127 3085 in
1149 3020 1240 3085 initio
1268 3039 1379 3084 versus
1401 3023 1477 3100 post

168 3125 297 3209 placide
319 3125 462 3202 distinxi,
492 3129 605 3190 contra
627 3124 913 3210 Niemoellerum2)
945 3125 998 3209 (de
1021 3126 1092 3207 Ipse
1116 3128 1148 3188 et
1169 3125 1259 3188 idern
1280 3144 1342 3188 usu
1363 3143 1395 3204 p.
1423 3122 1474 3205 14)

174 3229 278 3292 ausim
300 3229 483 3295 defendere.
528 3230 613 3293 Nam
635 3231 775 3312 primurn
798 3229 861 3293 hoc
883 3230 982 3294 modo
1005 3228 1100 3293 huius
1121 3228 1184 3292 loci
1210 3227 1370 3292 sententia
1391 3227 1476 3290 bene

173 3335 253 3415 stat,
285 3333 360 3414 quia
381 3332 534 3414 primario
558 3333 725 3397 enuntiato
748 3353 844 3397 suum
865 3337 934 3417 ipso
957 3336 1007 3397 sat
1030 3335 1094 3410 est,
1124 3331 1243 3412 duplex
1265 3335 1374 3394 autern
1397 3349 1474 3411 pro·

174 3454 296 3499 nomen
322 3435 425 3516 „ipse“
452 3437 485 3499 in
501 3455 567 3500 una
586 3436 746 3500 sententia
765 3437 895 3500 minime
913 3436 1027 3519 placet.
1062 3435 1146 3498 Turn
1166 3433 1380 3498 concinnitate
1402 3452 1475 3496 ver-

173 3538 290 3601 borum
316 3538 563 3602 commendatur
590 3538 671 3602 haec
699 3539 781 3603 ratio
811 3538 1047 3665 distinguendi.b
1081 3539 1190 3625 Σχῆμα
1213 3536 1299 3600 enim
1322 3539 1370 3600 est
1391 3535 1475 3600 tale:

406 3676 429 3743 l.
453 3635 636 3758 placide,
714 3676 824 3758 ipsae
848 3676 939 3740 durn
961 3676 1185 3804 lnbitumSt
1207 3673 1317 3750 mihi,

394 3815 431 3878 ll.
456 3773 598 3891 otiolo,
850 3833 936 3877 meo
960 3814 1176 3878 arbitratu.

172 3917 229 3982 ubi
250 3919 355 4000 prima
376 3937 488 3982 versus
510 3937 586 3999 pars
609 3922 698 3981 certa
720 3936 853 3981 caesura
875 3917 917 3981 ab
941 3917 1043 3981 altera
1059 3918 1152 3998 parte
1172 3914 1339 3979 dirimitur.
1374 3913 1473 3976 Prae-

173 4024 271 4100 terea,
294 4025 331 4086 ut
354 4026 386 4086 et
408 4021 546 4085 vidimus
569 4024 601 4084 et
620 4020 808 4098 videbimus,
832 4024 966 4102 accepta
989 4024 1037 4085 est
1057 4018 1217 4084 distinctio
1239 4022 1314 4099 post
1336 4017 1475 4100 primam

172 4144 284 4190 versus
305 4145 429 4190 vocem.

261 4263 282 4326 ¹)
310 4264 400 4318 Edidit
418 4263 506 4317 enirn:

345 4350 452 4404 Placide
470 4353 537 4417 ipsa,
556 4354 587 4403 ut
603 4350 754 4414 lubitumst,
773 4349 816 4414 mi,
836 4349 922 4403 otiose
940 4364 1001 4402 meo
1020 4348 1160 4410 arbitratu,
1178 4351 1209 4400 ut
1226 4344 1309 4398 volui.

172 4437 247 4504 quod
265 4453 328 4490 cum
346 4436 441 4505 reliqui
459 4453 554 4490 versus
571 4436 652 4490 huius
669 4452 786 4489 scaenae
803 4437 859 4488 fere
877 4450 972 4488 omnes
990 4433 1120 4487 incisione
1141 4438 1204 4501 post
1227 4434 1354 4499 quartum
1376 4428 1474 4495 pedem

171 4526 291 4590 utantur,
310 4523 353 4577 vel
370 4524 443 4577 hanc
462 4523 497 4575 ob
516 4538 630 4575 causam
648 4522 692 4576 vix
712 4525 806 4590 aptum
824 4526 872 4574 est.

259 4607 282 4676 2)
310 4609 363 4677 Qui
380 4613 443 4678 ipra
462 4608 542 4664 scribi
560 4609 626 4662 vult.
