3286 5198
797 167 839 229 92

172 372 289 436 desunt
321 373 466 450 fabulae,
504 374 538 438 in
569 374 686 456 quibus
718 374 751 437 in
784 373 849 437 fine
880 373 1128 453 uniuscuiusque
1160 390 1270 436 versus
1302 370 1461 435 sententia

172 474 311 547 finiatur.
339 480 376 539 ut
397 477 421 557 I,
444 476 526 558 prol.
549 478 582 561 (7
607 476 659 560 v.).
702 479 742 541 10
764 478 820 560 (10
841 478 896 560 1.).
937 478 1110 560 151811.
1162 476 1199 552 ll,
1228 475 1300 556 epil.
1328 474 1384 558 (19
1406 472 1460 556 a).

172 578 396 662 1119171).
435 581 472 643 13
496 581 551 663 (17
568 580 622 660 11.
660 583 699 644 15
722 581 850 665 (101).
889 584 927 647 18
950 582 1005 664 (15
1024 589 1077 659 1.).
1122 581 1160 657 V,
1183 581 1203 643 1
1226 581 1280 663 (15
1297 578 1352 661 u).
1397 577 1463 642 Sed

173 681 262 762 quod
285 683 388 746 multo
411 684 537 764 dignius
559 689 607 748 est
630 684 719 766 quod
742 689 1027 759 commemoretur,
1056 685 1169 766 siqua
1190 682 1351 747 sententia
1372 685 1463 744 extra

171 805 282 849 vorsus
304 786 444 866 spatium
466 787 589 868 prodit,
623 792 732 850 tamen
763 807 891 869 semper
912 788 1079 852 Phaedrus
1108 786 1346 868 diligentissime
1368 783 1461 859 cavit,

171 907 319 970 nequae
350 893 420 953 arte
452 890 661 967 cohaereant,
689 910 748 972 per
775 910 886 954 versus
913 891 1012 954 finem
1040 891 1238 956 dirimantur.
1290 888 1402 952 Potest
1430 889 1462 950 et

170 993 350 1056 subiectum
373 997 405 1057 et
427 993 590 1057 obiectum
617 999 650 1057 et
672 993 893 1074 praedicatum
923 998 979 1058 aut
1009 995 1042 1058 in
1064 993 1230 1074 superiore
1251 1012 1345 1056 versu
1367 993 1459 1055 ante·

170 1094 285 1158 cedere
307 1099 363 1159 aut
385 1096 418 1159 in
441 1096 590 1176 proximo
607 1115 701 1160 versu
722 1098 813 1179 sequi
834 1118 927 1162 suam
949 1099 1153 1173 sententium,
1177 1097 1235 1160 sed
1256 1115 1385 1176 semper
1407 1097 1463 1158 aut

170 1197 276 1279 ipsum
303 1200 385 1263 subi.
409 1198 459 1263 rel
485 1199 549 1263 obi.
578 1200 628 1264 vel
656 1202 765 1282 praed.
798 1202 902 1267 maius
930 1202 1070 1284 spatium
1102 1200 1226 1264 obtinet
1258 1203 1314 1263 aut
1343 1197 1463 1279 aliquid

170 1301 299 1364 additur
320 1321 385 1382 quo
408 1302 564 1369 fulciatur.
608 1302 800 1368 Conferatur
821 1324 849 1371 e.
873 1327 903 1387 g.
926 1306 950 1382 Ι,
972 1306 1007 1368 1ε

270 1442 311 1489 .v.
337 1424 372 1486 7:
529 1424 586 1487 sed
608 1425 763 1504 quoniam
784 1430 912 1506 gravest

394 1524 498 1589 Omne
519 1527 651 1589 insuetis
674 1547 766 1591 onus.

258 1647 286 1692 v.
313 1628 367 1691 13:
524 1633 622 1710 atque
644 1631 704 1694 illis
725 1631 814 1694 dedit

390 1730 531 1796 Parvum
553 1734 687 1815 tigillum

256 1853 287 1904 v.
315 1836 369 1898 14:
527 1839 659 1902 missum
682 1838 769 1920 quod
792 1838 899 1902 subito
923 1837 1011 1901 vadis

389 1938 480 2002 Motu
503 1960 648 2023 sonoque
670 1943 782 2006 termit
804 1941 957 2023 pavidum
980 1959 1090 2021 genus.

255 2061 285 2106 v.
310 2042 370 2105 al:
527 2045 583 2126 qui
605 2045 702 2108 dente
724 2064 839 2126 aspero
923 2122 931 2138 .

393 2144 562 2227 Corripere
585 2148 691 2229 coepit
713 2148 863 2229 singulas.

257 2267 286 2311 r.
310 2249 367 2311 95:
524 2249 643 2313 frustra
667 2270 780 2314 necem

388 2352 539 2432 Fugitant
561 2353 687 2418 inertes,

256 2472 360 2535 Etiam
383 2473 549 2554 epitheton
571 2494 591 2537 a
613 2493 672 2536 suo
700 2475 837 2556 positivo
868 2473 1029 2537 interdum
1061 2493 1120 2554 per
1141 2492 1252 2537 versus
1279 2471 1380 2535 finem
1403 2471 1463 2535 ab·

168 2575 302 2638 scissum
324 2576 481 2651 invenies,
505 2582 539 2640 at
561 2596 600 2640 ea
625 2576 724 2640 modo
748 2578 952 2655 condicione,
974 2582 1011 2641 ut
1032 2594 1200 2658 nunquam
1223 2574 1389 2657 epitheton
1413 2575 1464 2638 vel

169 2678 342 2758 positivum
364 2678 469 2742 solum
491 2680 523 2743 in
546 2679 683 2743 alterum
704 2700 833 2743 versum
851 2681 1019 2761 relegetur,
1050 2679 1108 2742 sed
1129 2698 1258 2760 semper
1279 2677 1401 2759 aliquid
1424 2678 1464 2741 sit

169 2781 315 2844 additum
332 2800 397 2861 quo
413 2781 570 2846 fulciatur.
601 2782 651 2846 Fit
662 2787 771 2847 autem
790 2783 877 2864 apud
890 2783 1072 2847 Phaedrum
1089 2781 1156 2846 fere
1172 2781 1299 2862 septies
1318 2784 1355 2845 ut
1367 2781 1390 2858 1,
1408 2782 1462 2844 15:

257 2922 285 2964 r.
310 2903 347 2965 7:
504 2922 636 2984 quaeso,
659 2923 737 2966 num
760 2903 853 2966 binas
875 2904 952 2967 mihi

368 3003 508 3069 Clitellas
530 3006 744 3087 inpositurum
766 3006 921 3070 victorem
944 3009 1064 3087 putas?

169 3125 248 3187 item
270 3124 293 3197 Ι,
320 3125 374 3188 19:

256 3264 285 3307 v.
309 3245 344 3308 8:
377 3245 449 3309 Hoc
471 3250 600 3328 quoque
624 3250 816 3337 consumpto
839 3247 975 3328 flagitari
997 3247 1132 3311 validius

379 3348 491 3413 Cubile
514 3348 628 3430 coepit.

257 3467 303 3533 Cf.
328 3468 353 3545 I,
376 3470 428 3545 16,
452 3470 482 3535 4.
526 3469 671 3546 11,1,4.
717 3469 769 3546 lli,
792 3469 872 3550 prol.
897 3471 949 3535 61.
994 3469 1046 3546 IV,
1070 3470 1122 3546 11,
1149 3470 1198 3532 11.
1232 3469 1361 3546 1113.

255 3588 326 3651 Hoc
347 3592 511 3670 postremo
535 3589 616 3664 loco,
641 3588 695 3651 ubi
717 3593 784 3653 est:

323 3709 453 3773 Fabella
477 3709 549 3773 talis
571 3709 739 3773 hominum
763 3708 913 3773 discernit
935 3712 1030 3772 nolas

325 3811 454 3889 Eorum,
478 3812 588 3894 quise
611 3812 699 3876 falsis
722 3815 839 3876 ornant
860 3811 1018 3877 laudibus

169 3936 303 4014 apparet
325 3952 505 4013 pronomen
522 3933 808 3998 demonstrativum
832 3954 939 3996 eorum
961 3935 1030 3995 arte
1052 3951 1126 3995 cum
1150 3933 1309 3997 sententia
1327 3931 1464 3996 relativa

169 4035 357 4099 coalescere.

255 4157 341 4220 Licet
360 4158 455 4238 igitur
470 4158 607 4222 Phaedri
624 4158 799 4222 sententias
818 4176 891 4221 curn
908 4158 1052 4222 versibus
1080 4155 1280 4239 exaequandi
1300 4155 1462 4219 rationem

168 4259 217 4323 his
240 4260 363 4341 legibus
386 4263 579 4343 astringere:

254 4381 276 4447 1,
312 4381 504 4462 Plerumque
527 4381 560 4444 in
583 4381 646 4444 line
669 4400 779 4444 versus
802 4382 960 4445 sententia
983 4380 1192 4446 concluditur.

255 4500 291 4564 ll.
327 4501 360 4564 Si
383 4503 542 4564 sententia
564 4521 630 4565 non
656 4520 818 4565 unacum
844 4521 940 4565 versu
962 4501 1080 4578 finitur,
1103 4520 1206 4583 usque
1228 4501 1270 4566 ad
1293 4520 1464 4565 caesuram

168 4603 427 4686 semiquinariam
451 4603 532 4668 solet
554 4604 698 4684 produci.
