3286 5198
740 129 894 225 A

173 342 292 400 ecador
314 356 385 420 erpo
408 334 531 399 similia.
576 334 738 416 Disyllaba
760 340 869 399 autem
891 335 1073 399 coniunctio
1101 336 1171 399 sola
1200 354 1267 399 non
1297 338 1401 412 extat,
1430 338 1463 398 et

172 438 343 520 praecipue
380 438 453 502 talis
490 438 671 502 coniunctio
704 438 874 521 disyllaba,
908 458 990 520 quae
1023 441 1093 502 arte
1125 438 1300 502 sententias
1334 437 1464 520 copulat

172 545 209 604 ut
231 541 411 605 coniunctio
435 550 534 626 utque,
557 541 590 605 in
612 541 677 604 fine
699 561 810 606 versus
832 561 899 606 non
921 541 1055 606 ferenda
1074 544 1131 607 est.
1177 540 1290 622 Itaque
1306 541 1358 605 vix
1376 544 1463 605 recte

173 644 316 708 iecerunt
339 644 487 709 Goetzius
509 644 721 726 Loewiusque
743 648 775 708 et
797 645 1029 722 Fleckeisenus,
1053 644 1107 727 qui
1125 644 1214 709 Asin.
1231 645 1294 708 585
1312 644 1464 708 Bothium

172 747 271 811 secuti
293 747 374 811 tales
394 767 507 812 versus
529 749 780 812 constituerunt:

325 849 509 914 Manedum.
532 850 567 918 sst
589 850 672 928 Quid
695 854 764 915 est?
787 852 820 915 lss
842 849 1042 915 Philaenium
1065 854 1154 915 estne
1176 850 1257 914 haec
1276 870 1359 932 quae
1378 850 1464 914 intus

436 1032 443 1054 .
483 954 548 1017 exit
569 957 667 1035 atque

327 1056 400 1121 Una
422 1057 641 1139 Argyrippus?
664 1059 697 1124 iss
720 1056 875 1139 Opprime
897 1075 948 1121 os:
971 1058 997 1122 is
1020 1060 1069 1122 est
1084 1056 1390 1123 ‚subauscultemus

174 1158 259 1222 Libri
281 1160 439 1240 praebent
462 1161 579 1224 ecilin
601 1160 665 1223 fine
687 1159 812 1242 prioris,
824 1161 926 1244 Atque
944 1162 1145 1246 Arqyrippus
1166 1182 1243 1225 aaa.
1257 1210 1286 1226 ..
1308 1161 1341 1224 in
1363 1159 1464 1224 altero

176 1282 280 1327 versu.
323 1262 467 1327 Priorem
498 1266 622 1340 autern,
652 1263 782 1345 qualem
812 1262 951 1327 editores
973 1264 1139 1342 exhibent,
1170 1265 1223 1328 vix
1245 1284 1361 1329 sanum
1384 1282 1464 1342 esse,

175 1366 235 1430 nisi
256 1385 350 1431 aures
379 1365 588 1442 mentiuntur,
615 1366 666 1430 vel
694 1365 772 1430 illud
794 1368 880 1430 tntae
911 1369 974 1430 deit
1002 1369 1093 1452 atquc
1115 1370 1254 1432 accusat.
1299 1367 1367 1450 Ego
1391 1386 1465 1432 cum

175 1473 207 1532 et
229 1469 390 1551 inpriore
413 1488 517 1546 versu,
541 1470 670 1551 qualem
693 1470 818 1534 codices
839 1468 971 1548 hahent,
995 1470 1116 1552 aliquid
1141 1471 1224 1535 desit
1247 1473 1280 1534 et
1309 1471 1343 1534 in
1362 1471 1464 1535 altero

175 1571 294 1654 aliquid
323 1573 483 1651 abundet,
511 1572 589 1637 illud
616 1595 683 1637 anu
703 1576 779 1656 post
801 1574 1019 1658 Arpyrippam
1039 1573 1181 1654 positum
1210 1574 1243 1638 in
1265 1574 1465 1655 superiorem

176 1674 335 1739 transfero
359 1676 405 1740 sic
426 1676 585 1740 scribens:

329 1778 513 1843 Manedum.
536 1780 570 1845 tss
593 1779 677 1857 Quid
700 1783 768 1844 est?
791 1780 825 1848 ssl
847 1779 1046 1844 Philaenium
1070 1783 1160 1844 estne
1182 1781 1272 1859 haec,
1295 1799 1361 1844 una
1383 1801 1466 1862 quae

474 1883 571 1984 'intus
594 1883 658 1948 exit

330 1984 438 2066 Atque
460 1986 681 2068 Argyrippus?

262 2090 330 2152 lam
352 2089 534 2167 redeamus,
556 2090 583 2153 si
610 2090 726 2171 placet,
760 2090 803 2154 ad
836 2109 875 2153 ea
907 2088 1064 2170 exempla,
1100 2110 1184 2172 quae
1212 2110 1229 2154 e
1256 2090 1401 2154 versibus
1434 2090 1467 2154 in

178 2190 323 2256 iambum
346 2192 536 2256 exeuntibus
558 2194 680 2276 collegi.
724 2193 784 2257 Hic
806 2193 880 2257 licet
901 2193 994 2270 hanc,
1017 2197 1107 2278 puto,
1128 2193 1231 2276 legem
1255 2194 1466 2259 constituere:

177 2293 410 2358 coniunctio
433 2295 470 2358 in
494 2295 574 2359 tine
596 2316 734 2360 versus
763 2300 877 2360 stare
905 2300 1055 2376 potest,
1084 2296 1117 2360 si
1146 2300 1214 2360 aut
1244 2297 1468 2379 complures

176 2396 367 2480 syllabas
403 2397 481 2482 (sive
515 2399 585 2462 sola
617 2400 683 2463 sive
718 2400 801 2463 duae
831 2399 1073 2462 coniunctiones
1101 2402 1170 2462 arte
1200 2400 1410 2464 cohaerentes
1431 2403 1468 2464 ut

177 2501 455 2586 quando-quidem,
484 2508 718 2579 oerum-tumen)
757 2505 827 2565 aut
858 2501 1008 2565 saltem
1035 2503 1135 2566 duas
1166 2503 1469 2584 complectitur

176 2606 214 2668 ut
234 2606 319 2688 quia.

263 2707 338 2770 Non
372 2708 486 2772 eadem
519 2708 613 2772 venia
645 2708 731 2772 valet
765 2709 797 2783 in
827 2706 1069 2771 coniunctiones
1097 2707 1346 2789 monosyllabas.
1397 2707 1468 2773 Hae

177 2830 256 2875 num
285 2813 373 2893 apud
395 2811 546 2876 Plautum
573 2813 606 2876 in
629 2812 693 2876 fine
719 2831 831 2876 versus
854 2811 1006 2875 terendae
1028 2810 1101 2886 sint,
1124 2809 1332 2874 vehementer
1354 2810 1467 2874 dubito

177 2914 228 2978 vel
259 2915 366 2996 potius
396 2935 528 2996 prorsus
560 2935 654 2999 nego.
703 2916 787 2980 Nam
820 2914 950 2979 canticis
961 2913 984 2997 ¹)
1019 2914 1144 2978 omissis
1176 2914 1337 2978 hocloco
1365 2915 1469 2996 possis

179 3017 295 3081 afferre
318 3017 400 3082 haec
422 3019 585 3101 exempla:

266 3120 297 3204 1)
321 3121 440 3203 Amph.
464 3124 537 3202 549,
560 3123 616 3186 ubi
639 3122 765 3186 codices
787 3141 897 3185 versus
919 3120 979 3184 hos
1002 3119 1168 3185 exhibent:

562 3226 668 3289 Tanto
706 3225 835 3289 brevior
873 3225 940 3288 dies
971 3227 1008 3287 ut
1041 3224 1099 3287 fiat
1131 3223 1258 3302 faciam,
1297 3227 1334 3289 ut
1367 3244 1469 3306 aeque

597 3394 599 3400 ,
648 3329 790 3410 disparet

562 3432 601 3495 Et
624 3432 691 3496 dies
715 3436 829 3497 enocte
852 3430 993 3496 accedat.
1306 3496 1310 3503 ,

178 3535 235 3599 ubi
256 3534 403 3599 nonnulli
424 3536 536 3619 dispar
559 3543 586 3599 et
607 3535 640 3598 in
657 3535 723 3599 fine
745 3535 860 3616 prioris
881 3554 992 3598 versus
1014 3534 1201 3610 voluerunt3
1224 3553 1336 3598 verum
1358 3553 1469 3598 versus

179 3638 307 3720 gravius
329 3642 497 3719 corruptos
520 3658 589 3702 esse
611 3658 708 3702 nemo
731 3657 797 3701 non
820 3637 921 3712 videt3
947 3636 986 3700 ct.
1010 3640 1178 3717 praeterea
1199 3636 1337 3718 append.
1360 3657 1392 3717 p.
1418 3637 1469 3701 79.

265 3741 367 3805 Paulo
389 3742 492 3821 magis
514 3741 641 3805 dubites
663 3741 696 3804 in
719 3740 939 3823 sequentibus:

265 3845 297 3927 A)
320 3844 406 3908 Rud.
430 3846 502 3922 861,
533 3844 588 3908 ubi
611 3845 738 3909 codices
759 3844 880 3908 habent
903 3842 1056 3928 (minutiis
1079 3841 1170 3927 om.]:

536 3947 671 4033 Quinte]
690 3948 884 4012 arrabonem
902 3966 922 4010 a
938 3966 992 4010 me
1009 3946 1159 4028 accepisti
1177 3946 1219 4009 ob
1237 3947 1403 4010 mulierem
1423 3949 1471 4010 est

535 4051 603 4114 Iam
625 4050 698 4115 hinc
715 4051 896 4115 abduxisti?
918 4049 954 4119 iss
975 4050 1049 4114 Non
1072 4051 1173 4114 avexi.
1195 4047 1231 4118 iss
1254 4048 1343 4126 Quor
1360 4068 1469 4130 negas.

268 4258 288 4327 Ι)
306 4261 395 4327 Atque
412 4276 447 4312 ne
464 4259 493 4311 in
511 4259 553 4312 his
571 4258 681 4326 quidem
696 4258 826 4326 exempla,
846 4274 916 4326 quae
937 4257 1056 4311 habeant
1073 4257 1174 4325 aliquid
1197 4256 1268 4322 certi,
1290 4256 1471 4310 inveniuntur.

179 4345 249 4400 Nam
268 4346 342 4414 quod
359 4345 428 4404 Men,
447 4345 497 4398 592
514 4345 543 4397 in
561 4346 585 4398 A
603 4353 633 4398 at
654 4344 682 4397 in
705 4345 759 4397 fine
782 4360 876 4398 versus
898 4347 979 4410 extat,
1001 4359 1095 4396 versus
1119 4358 1202 4396 sanos
1227 4359 1285 4396 esse
1309 4358 1389 4395 nemo
1409 4359 1472 4395 con·

179 4431 282 4495 tendet;
301 4431 347 4499 qui
365 4435 456 4484 autem
475 4429 533 4484 Cas.
546 4431 596 4483 710
613 4429 726 4482 vocibus
740 4433 778 4496 in,
798 4431 846 4483 711
857 4438 887 4494 et,
908 4430 959 4482 729
972 4437 1002 4483 ut
1021 4433 1071 4482 etc.
1085 4428 1232 4482 versiculos
1253 4444 1315 4482 cum
1336 4428 1471 4483 Schoellio

180 4517 324 4581 concludit,
347 4532 379 4569 eo
403 4516 462 4584 ipso
488 4515 649 4583 comprobat
670 4532 726 4568 non
755 4531 856 4581 versus,
881 4516 929 4568 sed
951 4516 974 4568 si
995 4515 1078 4568 modo
1097 4515 1163 4582 quid
1180 4513 1325 4579 constituit,
1344 4529 1472 4567 versuum

180 4602 303 4657 membra
320 4603 439 4656 dissecta
455 4618 484 4655 se
503 4601 681 4655 constituisse.
