3286 5198
742 145 896 240 *51—

260 347 352 429 Epid.
374 348 453 413 497:
487 348 600 431 Neque
622 353 674 414 me
697 350 826 432 quidem
849 370 956 414 emere
979 351 1150 432 quisquam
1172 350 1237 416 ulla
1257 352 1395 433 pecunia

485 453 611 518 Potuit:
640 453 713 535 plus
734 454 799 517 iarn
821 474 894 518 sum
915 454 1016 518 libera
1039 454 1302 536 quinquemiium.

174 554 222 620 Cf.
247 556 343 620 etiam
365 553 481 620 Bacch.
505 558 577 622 865.

260 658 350 735 Quae
374 678 448 723 cum
470 660 515 723 ita
536 660 617 736 sint,
645 680 698 724 me
721 661 817 724 etiam
841 661 1012 725 conamina
1034 661 1176 725 virorum
1198 661 1383 742 doctorum,
1410 662 1466 726 ubi

77 778 85 796 ·
173 762 330 827 eiusmodi
352 762 441 827 locos
470 762 736 841 sollicitaverunt,
767 765 885 828 reicere
915 765 1048 840 audere,
1079 764 1132 828 vix
1160 784 1242 846 opus
1272 768 1321 828 est
1350 765 1465 841 dicere,

172 865 261 930 velut
281 866 369 930 Pers.
394 866 456 930 359
474 887 533 948 sq.,
556 867 611 930 ubi
634 886 674 930 ex
697 866 844 931 codicum
865 868 896 931 A
919 871 951 931 et
972 867 999 930 B
1022 866 1085 930 fide
1107 866 1314 932 scribendum
1336 871 1399 932 est:

466 968 539 1032 Meo
563 969 662 1033 modo
684 969 767 1033 istuc
788 971 896 1052 potius
918 970 974 1034 fiet
996 989 1094 1052 quam
1116 972 1173 1033 tuo

467 1073 547 1136 Fiat.
593 1071 684 1150 Quae
705 1072 768 1137 hae
789 1093 841 1137 res
863 1077 961 1138 sunt?

172 1175 299 1239 Mecum
331 1175 406 1239 iacit
438 1175 618 1258 Ussingius,
657 1176 712 1257 qui
744 1176 831 1240 idem
864 1177 972 1242 locum
1003 1178 1088 1241 bene
1122 1177 1314 1259 explanavit.
1371 1177 1466 1256 Quod

174 1282 283 1343 autem
305 1279 339 1343 in
361 1278 524 1343 codicibus
546 1283 621 1362 post
643 1279 718 1343 Fiat
739 1299 899 1362 personae
915 1285 995 1345 nota
1011 1284 1108 1357 extat,
1131 1279 1184 1343 vix
1200 1280 1281 1344 tanti
1299 1282 1465 1358 momenti,

173 1383 285 1464 quanti
306 1383 431 1465 putavit
453 1382 640 1451 Schoellius.
665 1384 719 1464 qui
741 1383 804 1455 hoc
820 1383 904 1447 inter
921 1387 1112 1466 argumenta
1129 1383 1232 1461 affert,
1256 1403 1312 1447 cur
1330 1384 1466 1448 verbum

172 1486 247 1550 Fiat
279 1486 441 1550 sustulerit
470 1486 642 1550 substituto
672 1486 793 1564 Heioi,
827 1489 916 1569 quod
937 1486 1058 1569 Virgini
1093 1487 1157 1553 dat.
1209 1485 1305 1562 Quod
1333 1487 1467 1551 tandem

172 1589 249 1653 Fiat
277 1589 427 1670 languide
457 1589 636 1653 claudicare
666 1590 710 1654 ait
732 1589 925 1666 Schoellius,
955 1611 1069 1654 verum
1098 1589 1176 1653 vidit
1206 1589 1464 1670 quodammodo:

172 1696 206 1756 at
232 1712 300 1756 non
329 1692 432 1773 magis
461 1693 523 1756 hoc
550 1693 623 1756 loco
645 1693 720 1758 Fiat
743 1694 900 1758 claudicat
922 1714 1072 1776 quamv.
1096 1713 1125 1774 g.
1148 1691 1266 1773 Amph.
1291 1693 1353 1755 563
1382 1690 1466 1776 (vide

172 1796 282 1879 supra)
305 1795 383 1859 illud
405 1796 517 1877 Dabo,·
544 1800 716 1878 utrumque
739 1796 781 1861 ad
803 1817 933 1861 sensum
957 1796 1045 1878 quod
1067 1795 1181 1859 attinet
1199 1815 1331 1877 prorsus
1350 1814 1465 1877 super-

172 1919 351 1963 vacaneum
374 1902 431 1964 est.

259 2002 363 2066 Etiam
393 2002 498 2066 minus
525 2002 761 2084 probabilitatis
791 2004 930 2085 speciem
959 2006 1073 2066 nactus
1100 2005 1148 2066 est
1171 2001 1348 2066 Schoellius
1370 2001 1464 2066 True.

175 2109 236 2172 708
253 2127 311 2188 sq,
334 2106 390 2169 ubi
413 2108 475 2169 est:

301 2209 396 2273 Nrinc
417 2209 619 2289 speculabor,
642 2209 719 2292 quid
741 2210 786 2273 ibi
807 2213 930 2291 agatur,
954 2209 1024 2290 quis
1048 2211 1100 2272 eat
1122 2209 1217 2286 intra,
1240 2209 1295 2289 qui
1317 2208 1403 2272 foras

302 2313 429 2393 Veniat;
464 2313 577 2393 procul
599 2313 674 2376 hine
697 2313 877 2377 observabo
900 2312 980 2376 meis
1003 2312 1139 2375 fortunis
1162 2311 1238 2392 quid
1261 2311 1338 2375 fuat.

172 2418 250 2483 illud
274 2417 384 2481 Veniat
405 2416 614 2497 impugnans3
648 2418 748 2481 immo
771 2417 860 2480 locus
882 2417 1025 2497 perbene
1047 2419 1121 2479 stat.

176 2660 225 2740 ΙΧ.
269 2659 370 2739 verbi
403 2676 511 2736 esse
537 2658 677 2739 tornae
705 2658 901 2760 praedicati
932 2658 1019 2735 loco
1040 2657 1181 2754 positae
1218 2655 1374 2758 (nomine
1402 2658 1466 2735 ali·

174 2801 241 2882 quo
280 2784 483 2883 plerunque
516 2779 655 2882 addito)
696 2801 720 2859 a
758 2778 878 2857 verbis
920 2779 1021 2856 nexis
1063 2797 1126 2877 per
1164 2796 1293 2856 versus
1335 2777 1464 2856 exitum

704 2901 935 2979 renoventur.

310 3060 337 3127 1.
372 3057 535 3126 Verbum
558 3053 837 3126 substantivum
859 3051 899 3122 in
921 3050 1049 3138 priore
1071 3069 1188 3120 versu
1210 3052 1325 3120 extat.

522 3195 561 3258 A.
596 3195 632 3257 in
654 3194 832 3257 versibus
854 3190 1111 3272 longioribus.

259 3317 346 3381 TrIn.
373 3317 470 3381 1087:
504 3299 572 3396 llgo
596 3315 692 3378 miser
714 3313 847 3378 summis
869 3311 993 3393 periclis
1016 3330 1088 3374 sum
1110 3329 1168 3390 per
1190 3307 1291 3371 maria
1314 3325 1467 3370 maxuma

504 3417 650 3500 vectusl)
674 3415 802 3497 capitali
823 3413 941 3495 periclo
964 3432 1022 3496 per
1043 3411 1224 3493 praedones
1245 3410 1421 3491 plurumos.

259 3524 375 3587 Pseud.
402 3523 499 3587 1154:
630 3521 656 3583 si
678 3524 714 3583 tu
737 3519 867 3600 quidem
890 3537 924 3580 es

529 3625 617 3687 Leno
640 3622 751 3687 Balli0.

260 3731 323 3794 Mil.
347 3730 425 3812 glor.
449 3730 527 3793 457:
562 3726 712 3792 Sceledre
735 3745 753 3788 e
775 3724 924 3788 manibus
947 3721 1079 3786 amisisti
1099 3719 1271 3801 praedam:
1301 3721 1369 3780 tam
1398 3723 1466 3782 east

690 3849 788 3911 quam
812 3828 896 3910 potis

563 3935 682 3998 Ndstra
705 3931 788 3996 erilis
811 3930 999 3994 concubina.

259 4043 348 4106 Asin.
372 4042 450 4105 598:
473 4039 581 4102 Audin
603 4037 690 4100 hunc
713 4054 812 4116 opera
829 4037 865 4097 ut
881 4033 989 4113 largus
1006 4034 1055 4095 est
1072 4029 1253 4094 nocturna?
1276 4046 1362 4091 nunc
1380 4027 1466 4090 enim

588 4159 657 4202 esse

481 4244 691 4325 Negdtiosum
713 4239 869 4304 interdius
890 4235 1072 4320 videlicet2)
1096 4235 1261 4300 Solonem.

262 4435 282 4503 1)
310 4453 418 4490 comma
436 4440 498 4502 post
516 4441 602 4486 vectus
620 4431 691 4484 male
708 4434 815 4497 ponunt
832 4429 956 4482 editores.

260 4521 282 4590 ²)
310 4523 379 4577 Illud
401 4506 522 4574 vidilicet
545 4535 606 4572 cum
624 4533 721 4585 parum
745 4515 858 4583 placeat,
883 4514 970 4567 ausim
987 4515 1109 4566 videlicet
1126 4520 1150 4565 et
1173 4510 1302 4573 scribere;
1330 4508 1404 4576 quod
1423 4507 1466 4562 cui

174 4625 231 4664 nou
249 4609 390 4663 serendum
408 4607 513 4659 videtur
531 4605 643 4658 scribat:
671 4604 792 4656 videlicet
810 4610 840 4654 ut
857 4603 989 4654 Solonem.

1207 4700 1225 4751 4
1235 4699 1248 4730 *
