3284 5214
794 121 834 184 38

257 335 365 399 Liceat
387 333 575 414 adiungere:

255 455 318 522 Mil.
343 454 421 537 glor.
448 453 546 518 1356:
580 437 619 516 Et
641 452 667 515 si
689 452 733 516 ita
757 450 917 515 sententia
939 452 1032 524 esset,
1055 446 1113 511 tibi
1135 445 1253 510 servire
1276 443 1376 509 malui

577 556 678 620 Multo
701 574 799 636 quam
821 553 873 617 alii
894 553 1026 616 libertus
1049 569 1128 615 esse.

255 677 480 744 Aliunde'huc
501 676 639 758 pertinet
662 675 778 739 modo:

257 798 349 881 Capt.
373 799 449 864 604:
478 798 627 879 Namque
650 796 766 878 edepol
788 797 814 859 si
836 795 961 859 adbites
983 794 1129 875 propius.
1154 811 1190 856 os
1213 788 1384 856 denasabit
1406 791 1464 855 tibi

478 902 647 966 Mordicus.
672 901 705 968 iss
727 901 839 982 Neque
862 899 925 980 pol.
941 953 946 963 .
963 947 991 962 ..

547 1144 582 1209 B.
617 1145 654 1207 in
677 1141 854 1207 senariis
876 1139 1065 1204 iambicis.

257 1281 373 1346 Pseud.
397 1283 474 1346 881:
509 1281 594 1345 Nam
616 1301 676 1362 ego
699 1284 744 1344 ita
767 1278 906 1342 convivis
929 1296 1043 1340 cenam
1066 1275 1231 1339 conditam
1253 1275 1339 1339 dabo

509 1384 623 1462 Hodie,
648 1388 744 1465 atque
767 1384 811 1446 ita
834 1382 924 1446 suavi
946 1381 1103 1444 suavitate
1127 1379 1285 1445 condiam.

172 1507 305 1570 Videtur
337 1511 448 1571 lamen
484 1507 574 1570 hodio
612 1507 659 1570 διὰ
697 1505 788 1589 μέσου
822 1506 924 1579 stare,
959 1502 1037 1565 item
1070 1504 1106 1565 ut
1138 1501 1222 1565 infra
1258 1500 1364 1584 (Most.
1388 1500 1465 1583 616)

168 1609 250 1674 illud
271 1613 324 1675 sic.

256 1730 320 1795 Mil.
344 1730 422 1813 glor.
447 1730 527 1793 535:
684 1727 737 1791 abi
760 1727 844 1790 intro
867 1727 909 1791 ad
931 1747 990 1791 vos
1012 1727 1146 1791 domum

570 1848 749 1914 Continuo:
782 1849 854 1913 vide
876 1850 958 1913 sitne
980 1850 1079 1913 istaec
1101 1847 1240 1928 vostra1)
1265 1848 1312 1911 int
1336 1868 1360 1914 s.

261 1953 286 2017 Ε
309 1953 424 2017 fabulis
447 1953 559 2016 ceteris
581 1952 680 2016 modo
703 1951 766 2015 huc
788 1953 946 2034 pertinet:

260 2073 376 2138 Bacch.
401 2074 480 2136 0lii:
637 2074 736 2137 immo
759 2074 866 2137 hercle
889 2073 998 2138 abiero

518 2193 639 2260 Potius,
662 2193 697 2263 iss
718 2195 803 2259 Num
826 2196 943 2260 invitus
965 2215 1034 2258 rem
1052 2195 1136 2258 bene
1152 2197 1276 2275 gestam
1292 2193 1384 2256 audis
1401 2192 1470 2256 eri?

403 2315 480 2378 803:
520 2314 589 2379 Eho
612 2319 648 2378 tu
669 2315 887 2398 loquitatusne
909 2337 943 2380 es
966 2320 1064 2397 gnato
1087 2334 1160 2378 mco

520 2419 602 2483 Male
625 2423 683 2501 per
705 2440 898 2494 sermonem,
923 2421 997 2502 quia
1019 2419 1063 2482 mi
1085 2418 1117 2481 id
1141 2437 1255 2482 aurum
1278 2417 1425 2484 reddidit.

175 2539 247 2603 Hoc
274 2538 373 2602 modo
403 2543 435 2601 et
455 2539 555 2603 verba
582 2544 613 2603 et
641 2540 880 2622 discriptionem
909 2539 1060 2603 exhibent
1086 2539 1166 2604 libri.
1224 2538 1474 2619 Discriptionem

176 2646 284 2706 autem
307 2663 418 2706 veram
440 2662 510 2706 esse
533 2644 606 2706 inde
629 2647 777 2729 apparet,
804 2644 892 2726 quod
920 2664 987 2707 non
1016 2643 1120 2707 solum
1151 2642 1233 2706 alter
1254 2661 1365 2706 versus
1387 2643 1473 2706 bene

175 2748 249 2824 stat,
273 2746 330 2809 sed
353 2746 449 2809 etiam
473 2746 498 2809 si
521 2746 622 2810 altero
644 2767 740 2810 versu
761 2748 841 2810 molo
859 2751 970 2828 posset
989 2746 1172 2823 desiderari,
1195 2750 1322 2810 netum
1340 2746 1473 2828 quidem

176 2850 264 2931 prior
275 2869 386 2913 versus
398 2849 557 2913 vocabulo
568 2851 649 2913 mole
666 2851 786 2914 inserto
798 2854 976 2916 sanaretur.
1010 2850 1122 2932 ltaque
1147 2869 1220 2913 cum
1240 2850 1473 2914 recentioribus

178 2952 354 3016 editoribus
371 2951 404 3015 in
421 2952 527 3033 priore
542 2973 637 3016 versu
655 2952 773 3034 aliquid
790 2954 943 3017 excidisse
965 2953 1173 3017 statuendum
1192 2957 1256 3027 est;
1275 2952 1474 3017 ¹Ritschelius

178 3055 312 3119 inseruit
334 3055 432 3119 scelos
454 3058 529 3118 ante
552 3057 775 3140 loquitatusne,
812 3056 900 3137 quod
922 3055 1037 3137 placet.
1084 3054 1234 3120 Ceterum
1257 3055 1320 3120 hoc
1343 3076 1473 3138 quoque

177 3158 266 3236 loco,
289 3161 326 3221 ut
348 3178 446 3239 supra
476 3157 552 3243 (Mil.
575 3158 653 3239 glor.
682 3160 775 3243 1331)
807 3162 912 3223 ocimo
935 3161 1016 3223 mole
1039 3165 1107 3223 arte
1130 3160 1302 3223 cohaerere
1325 3160 1472 3236 vidimus,

179 3262 261 3325 moto
278 3282 339 3344 per
360 3282 532 3325 sermonem
553 3261 653 3325 artius
676 3262 936 3343 coniungendum
959 3282 1027 3327 esse
1049 3267 1148 3344 patet.

265 3380 357 3446 Most.
382 3382 460 3445 616:
497 3381 581 3458 Quid
603 3381 855 3446 Philolachetem
878 3386 1012 3464 gnatum
1035 3383 1207 3465 compellat
1228 3402 1337 3447 meum
1347 3381 1373 3467 ²)

492 3485 544 3548 Sic
567 3488 598 3549 et
621 3486 781 3566 praesenti
803 3485 862 3549 tibi
884 3486 962 3549 facit
984 3486 1181 3551 convitium?

180 3604 314 3668 Videtur
342 3609 452 3669 tamen
482 3609 527 3669 sic
557 3610 603 3670 διὰ
634 3608 725 3691 μέσου
755 3607 896 3687 positum
927 3626 1011 3682 esse,
1049 3611 1086 3670 ut
1116 3609 1147 3669 et
1177 3606 1219 3669 ad
1250 3608 1412 3691 compellat
1442 3613 1475 3673 et

180 3707 222 3772 ad
244 3708 324 3792 facit
346 3712 513 3774 conuitium
535 3710 709 3791 pertineat;
742 3711 780 3773 cf.
804 3710 920 3774 Pseud.
943 3730 972 3775 V.
997 3711 1130 3791 881sq.,
1153 3709 1208 3773 ubi
1231 3710 1332 3774 simile
1355 3711 1476 3794 aliquid

181 3811 319 3875 vidimus
341 3813 495 3876 accidere.

268 3932 444 3998 Possumus
466 3934 561 4015 igitur
589 3935 782 3998 constituere
810 3953 943 4016 perraro
966 3933 1154 3996 adverbium
1176 3934 1376 3998 adverbum
1398 3954 1474 4016 per-

180 4034 287 4100 tinens
310 4035 439 4100 alterius
461 4057 572 4101 versus
594 4038 682 4102 initio
705 4038 810 4101 solum
827 4038 938 4114 inseri,
963 4037 1049 4118 quod
1069 4037 1122 4118 qui
1142 4037 1270 4101 solitam
1293 4038 1476 4103 collocatio·
1532 4100 1535 4105 .

182 4157 259 4202 nem
281 4137 454 4203 verborum
482 4140 657 4204 observarit
665 4142 679 4218 ,“
702 4161 768 4204 non
798 4144 912 4205 contra
935 4140 1192 4221 expectationem
1215 4159 1285 4204 esse
1308 4142 1474 4210 concedet.

274 4347 293 4410 ¹)
322 4347 405 4401 Codd.
423 4350 531 4401 donnum
549 4349 672 4401 inserunt
690 4353 752 4401 ante
770 4357 869 4401 vostro.

197 4482 200 4486 .
271 4431 295 4500 ²)
315 4433 398 4490 Codd.
417 4452 504 4487 meum
522 4450 575 4486 om.
