3286 5198
800 92 839 156 13

742 182 896 189 -——-

495 294 566 372 Ρ66,
590 296 623 360 in
645 316 710 377 quo
733 297 873 363 iambica
894 318 958 363 vox
980 300 1065 364 intra
1087 321 1217 366 versum
1239 306 1377 384 apparet

292 398 421 463 Versus.
704 404 736 464 et
758 420 817 483 pro
840 401 951 466 iambo
974 404 1213 484 pronuntiatur.

328 518 380 581 49.
820 522 851 586 4.

328 631 379 693 50.
821 635 851 698 4.

328 741 379 806 69.
821 746 852 810 4.

329 854 379 917 77.
821 859 850 922 9.

329 967 380 1030 78.
820 972 851 1035 4.

257 1122 371 1204 Neque
394 1123 459 1187 alia
481 1127 530 1187 est
553 1124 699 1188 condicio
722 1128 913 1209 septenariis
935 1128 1119 1206 trochaicis;
1141 1129 1292 1194 videntur
1314 1131 1401 1195 enirn
1422 1152 1462 1196 ex

172 1225 236 1290 Mil.
259 1225 338 1307 glor.
361 1246 391 1290 v.
417 1226 588 1290 156-918
611 1227 693 1292 haec
715 1248 883 1311 apparere.

552 1365 677 1444 Quibus
699 1365 778 1430 locis
801 1366 941 1432 iambica
962 1387 1042 1433 voce
1065 1389 1105 1434 ex
1127 1370 1332 1435 antecedenti

326 1469 456 1533 Versus.
690 1469 775 1551 pede
796 1471 830 1534 in
853 1470 992 1535 alterum
1013 1475 1207 1537 transeatur.

352 1589 421 1654 158.

350 1710 421 1774 166.

350 1831 421 1895 167.

351 1952 421 2016 169.

351 2074 421 2138 179.

352 2195 421 2259 173.

350 2316 420 2380 188.

352 2437 446 2502 189a.

350 2557 448 2620 1891).

352 2678 421 2741 190.

350 2797 420 2861 199.

351 2918 421 2981 193.

352 3039 421 3102 198.

347 3158 420 3222 904.
491 3150 494 3154 '

348 3280 420 3345 907.

347 3401 420 3465 910.

347 3522 420 3585 913.

347 3642 420 3705 914.

255 3798 344 3862 Licet
366 3797 461 3878 igitur
483 3796 639 3878 suspicari
660 3799 794 3878 poetam
810 3795 1006 3860 vocabulum
1025 3796 1210 3872 iambicum,
1233 3795 1289 3859 ubi
1312 3815 1351 3859 eo
1376 3815 1458 3876 opus

170 3903 271 3978 esset,
301 3900 440 3964 libenter
468 3900 501 3963 in
531 3900 595 3964 fine
623 3919 735 3964 versus
766 3898 951 3964 collocasse.
1003 3899 1087 3963 Huic
1115 3899 1162 3964 rei
1190 3899 1223 3962 in
1252 3898 1330 3975 hac,
1362 3918 1461 3980 quarn

168 4007 357 4080 tractamus,
380 4004 571 4084 quaestione
593 4004 645 4068 hic
668 4005 765 4085 atque
788 4002 851 4066 illic
873 4001 982 4085 aliqua
1003 4002 1086 4067 ratio
1109 4002 1263 4066 habenda
1286 4005 1344 4065 est.
1391 4001 1459 4066 Ob-

168 4126 334 4199 servamus
367 4107 458 4170 verbi
496 4107 601 4187 gratia
633 4107 766 4171 vocibus
803 4105 880 4170 milri
910 4109 942 4170 et
975 4106 1047 4184 tibi,
1084 4109 1121 4170 ut
1153 4109 1229 4170 sunt
1261 4106 1460 4187 frequentes

169 4210 358 4291 saepissime
381 4229 511 4273 versum
532 4210 625 4274 finire
641 4212 760 4291 poetae
779 4209 947 4291 placuisse.
991 4209 1149 4291 Exempla
1171 4210 1237 4273 eius
1256 4209 1302 4273 rei
1325 4209 1460 4273 afferam

169 4313 252 4377 infra
274 4318 318 4395 (p.
341 4312 407 4395 45).

254 4435 373 4498 Versus
395 4433 429 4496 in
451 4433 642 4498 trochaeum
665 4437 835 4512 exeuntes,
868 4454 942 4498 cum
971 4453 1039 4498 non
1068 4436 1138 4498 taur
1159 4433 1312 4515 gravibus
1334 4432 1459 4513 legibus

169 4535 313 4601 adstricti
330 4557 401 4601 esse
418 4537 597 4614 videantur,
615 4536 764 4602 hocloco
782 4538 887 4602 mitto.
927 4537 988 4622 (uf.
1001 4537 1162 4601 Klotzium
1172 4535 1193 4599 l.
1206 4555 1232 4600 6.
1244 4555 1270 4599 6.
1281 4555 1314 4617 p.
1327 4534 1390 4598 997
1398 4541 1459 4617 sq.)
