3286 5198
765 133 784 197 3

212 339 314 404 Naevi
343 343 453 404 autem
483 339 558 408 bell.
586 340 687 405 Poen.
715 340 789 404 libri
810 340 852 404 IV
886 340 980 422 frgm.
1004 338 1031 402 lI
1058 338 1236 405 Muellerus
1264 340 1347 405 falso
1376 341 1422 404 sic

128 442 309 508 constituit:

324 546 454 612 Transit
476 547 619 614 Melitam
642 546 852 631 Romanusll,
875 547 1017 612 insulam
1038 551 1209 628 integram,
1233 565 1324 611 oram

324 651 395 716 Urit
415 650 591 733 populatur
612 655 734 728 vastat3
768 672 838 717 rem
858 651 1003 716 hostium
1026 653 1206 717 concinnat.

125 753 210 818 Nam
236 753 290 817 illo
313 753 414 817 verbo
443 773 533 818 oram
561 753 673 818 addito
696 773 849 820 versuum
876 753 1127 819 concinnitatem
1155 772 1287 835 prorsus
1315 755 1421 836 perire

126 856 198 937 quis
227 875 294 920 non
323 855 431 920 videt?
487 856 807 934 Quemmadmodum
835 861 947 922 tamen
975 856 1065 923 locus
1095 856 1340 923 constituendus
1369 857 1420 934 sit,

126 978 195 1024 non
218 958 470 1023 diiudicaverim.

213 1062 322 1142 Atque
345 1061 428 1127 haec
450 1062 582 1144 quidem
604 1063 771 1128 hactenus.
807 1062 976 1128 Saturnius
998 1081 1111 1127 versus
1133 1063 1358 1144 epigrammati
1380 1064 1422 1130 sit

126 1186 206 1230 sane
233 1169 344 1248 aptus3
378 1165 489 1248 epicae
516 1185 593 1230 vero
622 1169 655 1231 et
682 1165 849 1231 scaenicae
875 1167 967 1248 poesi
994 1185 1061 1230 non
1091 1168 1202 1247 potest
1224 1165 1420 1232 satisfacere.

99 1343 101 1345 .
125 1269 210 1332 Nam
237 1269 300 1332 illic
328 1272 506 1351 postquam
534 1289 593 1352 per
621 1271 719 1333 breve
748 1273 879 1350 tempus
901 1269 1016 1352 viguit,
1043 1269 1151 1335 versui
1173 1269 1303 1334 heroico
1326 1270 1422 1335 cessit

126 1371 159 1435 in
180 1375 389 1454 perpetuum
418 1373 451 1436 in
473 1373 592 1438 fabulis
615 1377 733 1450 autem,
757 1394 841 1456 quae
864 1374 996 1455 quidem
1019 1373 1138 1439 fuerint
1157 1378 1227 1437 arte
1244 1374 1420 1452 confectae,

126 1494 288 1557 nusquam
311 1475 477 1541 adhibitus
500 1480 559 1554 est,
582 1496 694 1541 verum
715 1497 782 1541 una
804 1496 878 1541 cum
895 1477 1020 1541 Graeca
1035 1475 1172 1542 materia
1189 1477 1287 1543 etiarn
1305 1476 1420 1555 forma,

126 1598 224 1660 quam
255 1579 369 1643 Graeci
403 1579 569 1644 scaenicae
598 1581 691 1661 poesi
721 1580 969 1657 constituerant,
1003 1580 1147 1646 Romam
1175 1579 1332 1645 translata
1362 1584 1420 1644 est.

125 1681 238 1763 ltaque
261 1682 304 1745 ab
327 1681 444 1746 horum
467 1681 592 1762 legibus
614 1701 651 1746 ac
675 1682 908 1747 consuetudine
930 1682 1199 1770 proficiscendum
1222 1702 1294 1747 esse
1315 1682 1420 1748 video.

211 1785 327 1850 Poesis
350 1804 464 1850 eorum
486 1785 670 1851 rudimenta
692 1786 814 1870 (qualia
836 1786 923 1868 apud
944 1786 1115 1852 Romanos
1137 1785 1331 1870 invenimus)
1354 1806 1421 1851 non

125 1892 204 1953 nota
228 1893 313 1954 sunt.
357 1888 520 1952 Homerus
543 1893 612 1954 arte
634 1891 762 1972 poetica
784 1891 849 1953 iam
872 1890 999 1954 exculta
1020 1892 1119 1970 atque
1143 1889 1285 1970 expolita
1305 1890 1420 1966 utitur;

125 2012 203 2057 nam
232 1994 264 2054 et
295 2011 402 2071 sermo
433 1992 476 2056 ad
505 2012 601 2056 usum
630 1997 748 2074 poetae
778 1991 1135 2058 accommodatissimus
1167 1996 1216 2057 est
1245 1996 1278 2056 et
1307 2012 1421 2058 versus

125 2094 289 2158 variabilis
313 2097 345 2159 et
366 2094 533 2171 volubilis3
567 2096 610 2160 ad
632 2099 780 2161 nostram
804 2099 914 2162 autem
936 2095 1161 2177 quaestionem
1184 2096 1272 2176 quod
1294 2096 1420 2174 attinet,

126 2202 263 2279 apparet
286 2199 464 2263 sententias
485 2199 677 2280 plerumque
699 2199 770 2265 illas
793 2199 925 2281 quidem
947 2199 981 2263 in
1002 2197 1067 2263 fine
1089 2218 1202 2263 versus
1225 2197 1320 2277 finiri,
1343 2199 1441 2265 satis

126 2320 225 2381 saepe
244 2306 354 2367 autem
371 2303 502 2384 prodire
521 2305 611 2366 extra
627 2302 714 2366 hunc
732 2304 916 2384 terminum,
934 2305 969 2366 at
984 2302 1039 2377 ita,
1058 2304 1095 2365 ut
1112 2301 1251 2366 varietas
1268 2322 1422 2368 versuum

126 2423 164 2467 ac
181 2405 414 2470 sententiarum
431 2425 498 2470 non
520 2406 619 2470 modo
636 2424 704 2468 non
720 2405 874 2482 offendat,
893 2425 1005 2470 verum
1024 2404 1122 2469 etiam
1134 2404 1273 2469 delectet
1284 2406 1420 2470 audien-

124 2506 206 2570 tium
236 2527 340 2575 aures
398 2509 496 2572 Verbi
525 2509 628 2590 gratia
664 2507 697 2571 in
725 2507 831 2572 iliadis
862 2506 938 2572 Er.
965 2507 1099 2573 1-469.
1133 2508 1305 2571 trecenties
1339 2528 1420 2590 qua-

125 2611 253 2690 dragies
276 2611 377 2677 semel
400 2611 489 2695 (341)
512 2612 546 2675 in
567 2611 632 2675 fine
654 2630 766 2675 versus
790 2609 1008 2691 distinguitur,
1039 2609 1161 2674 centies
1192 2610 1289 2674 vicies
1320 2612 1421 2676 octies

125 2712 214 2796 (128)
244 2714 406 2778 sententia
431 2734 544 2779 versus
571 2712 637 2777 fine
665 2712 917 2795 interrumpitur.
962 2712 998 2784 Si
1027 2716 1138 2777 autem
1168 2712 1420 2795 interrumpitur,

124 2818 209 2883 intra
238 2818 377 2882 alterurn
404 2837 535 2883 versum
564 2817 757 2900 plerumque
791 2816 986 2883 sententiam
1016 2815 1101 2881 finiri
1128 2835 1166 2880 ac
1194 2817 1334 2897 graviter
1364 2821 1421 2882 aut

124 2920 227 2984 lenius
259 2921 411 3002 distingui
440 2920 594 2994 invenies.
647 2920 736 2985 Licet
766 2924 875 2986 autem
905 2920 968 2984 hoc
998 2920 1182 2985 observare.
1227 2919 1262 2985 Si
1292 2919 1326 2984 in
1355 2919 1420 2985 fine

124 3044 235 3088 versus
270 3025 437 3112 sententia
461 3043 527 3088 non
558 3023 668 3087 finitur
703 3024 813 3105 itaque
842 3026 914 3089 voci
943 3023 1108 3090 recitantis
1141 3023 1311 3105 respiratio
1353 3042 1421 3088 non

125 3128 321 3205 conceditur,
345 3129 475 3211 saepius
497 3126 550 3204 tit,
573 3131 699 3191 utnon
720 3146 824 3208 usque
847 3128 890 3192 ad
912 3127 1044 3193 solitam
1067 3145 1236 3191 caesuram
1259 3126 1422 3190 sententia

123 3234 253 3312 pergat,
285 3232 343 3296 sed
365 3251 469 3313 pausa
498 3231 557 3295 fiat
580 3230 691 3295 statim
713 3231 747 3295 in
768 3230 859 3296 initio
881 3230 1081 3313 insequentis
1111 3249 1223 3293 versus
1255 3230 1312 3313 (sc.
1336 3229 1421 3295 intra

123 3335 265 3416 primum
293 3335 412 3415 pedem
439 3334 491 3398 vel
519 3337 596 3416 post
618 3353 693 3397 eum
715 3333 766 3398 vel
787 3338 863 3415 post
893 3335 981 3399 arsin
1003 3332 1136 3398 alterius
1156 3329 1304 3416 pedisl²l
1348 3332 1420 3411 Hoc

123 3437 161 3502 fit
188 3437 328 3519 exempli
356 3438 460 3519 gratia
486 3437 540 3501 illo
566 3437 653 3514 loca,
685 3457 783 3518 quem
806 3457 905 3519 supra
933 3437 998 3502 dixi
1028 3435 1082 3520 (E,
1109 3433 1263 3518 1-469),
1294 3435 1419 3500 duode-

125 3541 326 3623 quadragies.
370 3541 537 3605 Interdum
567 3540 664 3604 etiam
695 3541 878 3622 complures
906 3560 1018 3605 versus
1048 3538 1191 3604 continui
1211 3538 1258 3602 ita
1281 3537 1420 3602 ordinati

125 3649 208 3722 sunt,
232 3650 268 3709 ut
290 3666 320 3712 ν.
346 3647 407 3710 155
420 3664 485 3726 sq.:

357 3740 443 3813 'Eva'
474 3735 547 3831 ‘dra
569 3752 638 3820 τοὺς
661 3750 785 3833 ἐνάριζε,
809 3749 894 3833 φίλον
919 3747 943 3810 δ’
966 3747 1095 3818 ἐξαίνυτο
1119 3747 1211 3828 θυμὸν

366 3851 558 3936 Ἀμφοτὲρω,
580 3852 682 3936 πατέρι
705 3853 740 3915 δὲ
761 3851 832 3934 γόον
855 3853 904 3914 καὶ
926 3852 1022 3933 κήδεα
1046 3850 1138 3933 λυγρὰ

366 3950 460 4032 Λεῖτὲ,
484 3956 547 4018 ἐπεὶ
571 3956 605 4019 οὐ
629 3959 739 4027 ζώοντε
763 3955 861 4040 μάχης
885 3952 1096 4034 ἐκνοστήσαντε
1151 4010 1153 4013 .
1208 4006 1212 4014 .

367 4056 478 4125 Δέὲατο
493 4061 667 4143 ’χηρωσταὶ
691 4060 724 4124 δὲ
747 4060 795 4122 διὰ
817 4058 914 4141 κτῆσιν
938 4055 1087 4120 δατέοντο.

210 4160 323 4248 Maluit
344 4163 444 4241 poeta
466 4160 678 4237 sententiam,
707 4160 735 4225 si
757 4179 831 4224 cum
853 4179 947 4223 versu
969 4157 1099 4222 volebat
1122 4176 1284 4238 pugnare,
1311 4159 1419 4239 potius

123 4263 155 4327 in
184 4263 276 4327 initio
303 4282 416 4326 versus
443 4264 642 4344 insequentis
671 4263 755 4327 finiri
783 4283 882 4344 quam
908 4260 1131 4326 antecedentis
1157 4260 1191 4323 in
1212 4261 1418 4325 ulterioribus

212 4435 232 4499 1)
259 4435 324 4490 Post
341 4438 482 4490 Romanus
500 4436 578 4489 codd.
597 4434 737 4490 exhibent:
760 4439 901 4490 tenedus.

210 4519 233 4590 ²)
260 4521 300 4575 De
319 4538 432 4576 caesura
448 4523 477 4575 in
499 4521 577 4575 initio
599 4537 693 4575 versus
710 4521 859 4576 hexametri
881 4519 1036 4574 conferendi
1053 4526 1117 4574 sunt
1135 4519 1265 4574 Christius
1288 4516 1418 4586 (ueniat

122 4625 148 4676 p.
171 4608 231 4674 181)
249 4613 276 4662 et
295 4608 323 4662 C.
341 4610 373 4661 A.
392 4609 415 4662 J.
432 4608 616 4662 Hoffmannus
633 4605 754 4673 (Quaest.
772 4606 881 4660 Homer.
899 4623 925 4675 p.
944 4606 997 4672 99).

1161 4707 1200 4761 1*

1477 1903 1551 1958 Apud

1446 1957 1587 2002 Homerum.
