3286 5198
746 139 943 234 Q„

261 340 376 408 Pseud.
402 343 502 406 1162:
634 345 724 425 quasi
744 364 764 407 a
785 343 975 409 Macedonio

528 445 625 510 Milite
648 450 740 513 esset.

566 618 602 681 Β.
636 618 674 682 in
697 619 865 683 senariis
887 619 1076 684 iambicis.

261 737 378 802 Pseud.
404 739 502 803 1040:
546 739 620 803 Non
644 744 703 822 ego
726 744 759 804 te
782 741 824 804 ad
846 741 935 806 illurn
957 740 1040 805 duco
1063 742 1232 806 dentatum
1253 742 1357 818 virum

536 841 826 920 Macedoniensem,
849 844 904 924 qui
925 847 958 908 te
980 862 1066 907 nunc
1087 844 1220 909 flentem
1241 845 1325 910 facit.

260 944 356 1008 True.
380 945 460 1008 391:
591 949 724 1027 propter
745 945 879 1009 militem

484 1046 764 1129 Babyloniensem,
787 1048 842 1128 qui
864 1049 955 1130 quasi
976 1069 1112 1114 uxorem
1134 1049 1194 1113 sibi

485 1149 536 1214 Me
557 1150 709 1214 babebat.

260 1254 356 1319 Addo
380 1253 472 1319 Cure.
497 1256 548 1331 78,
571 1254 627 1318 ubi
649 1275 667 1317 e
687 1255 870 1320 coniectura
885 1255 1013 1338 Pyladis
1035 1257 1182 1320 scribitur
1205 1257 1239 1320 in
1261 1259 1311 1322 ed.
1330 1258 1468 1324 Ritsch.:

427 1357 526 1434 Quasi
548 1361 584 1421 tu
606 1358 776 1440 lagoenam
798 1358 895 1436 dicas,
918 1359 974 1423 ubi
995 1359 1108 1423 vinum
1129 1359 1213 1424 solet

428 1459 543 1525 Chium
567 1465 645 1525 esse.

172 1564 316 1628 Offendit
349 1567 460 1629 tamen
493 1564 556 1627 hoc
588 1564 659 1627 loco
691 1563 885 1628 adiectivum
918 1564 1030 1629 Chium
1063 1564 1276 1630 minusculum
1311 1569 1469 1633 ambitum

172 1668 308 1750 habere3
341 1667 572 1749 expectabatur
600 1667 667 1730 fere
689 1667 942 1749 polysyllabum3
965 1669 1038 1733 vide
1059 1668 1157 1745 inlra3
1180 1670 1289 1752 itaque
1312 1672 1429 1737 rectius
1451 1693 1469 1736 e

173 1770 269 1835 codd.
292 1770 356 1834 fide
379 1769 584 1834 scribendum
607 1773 655 1834 est
678 1789 752 1833 cum
773 1770 940 1854 Ussingio:

696 1875 751 1937 ubi
772 1874 884 1938 vinum
907 1874 1022 1939 Chium

590 1976 680 2040 Solet
703 1981 782 2043 esse.

172 2081 265 2146 utin
287 2100 366 2144 voce
392 2081 501 2145 Chium
522 2080 610 2160 prior
632 2080 754 2162 syllaba
777 2081 975 2162 corripiatur.

282 2253 314 2319 b.
349 2251 605 2316 adiectivum
629 2252 758 2316 solito
781 2253 962 2334 amplius
985 2255 1170 2335 spatium
1193 2254 1367 2323 obtinet.

526 2392 565 2454 A.
599 2392 637 2455 in
659 2391 843 2454 versibus
866 2391 1124 2473 longioribus.

261 2512 346 2576 Rud.
370 2513 450 2576 373:
582 2512 728 2592 quamvis
752 2511 934 2575 fastidiosus

476 2614 597 2677 Aedilis
620 2617 677 2677 est.

263 2719 354 2784 Cure.
378 2719 457 2783 49οε
590 2718 616 2780 si
634 2717 805 2798 quisquam
826 2718 910 2782 hanc
932 2718 1054 2782 liberali

478 2821 583 2886 Causa
605 2839 705 2884 manu
727 2822 909 2887 adsereret.
925 2871 954 2885 ..

263 2925 354 3007 Epid.
380 2926 456 2990 706:
481 2923 653 3002 Quomodo
676 2943 729 2988 me
751 2924 845 2988 ludos
867 2925 968 2989 fecisti
990 2926 1031 2990 de
1053 2926 1107 2990 illa
1131 2929 1331 2993 conducticia

476 3028 639 3092 Fidicina?
660 3026 695 3096 :lss
717 3029 851 3092 Factum
872 3027 979 3093 hercle
1004 3084 1009 3096 .
1036 3079 1043 3093 .
1069 3079 1076 3094 .

563 3217 599 3280 B.
634 3218 671 3280 in
694 3218 861 3281 senariis
884 3219 1077 3284 iambicis.

261 3337 379 3418 Amph.
404 3337 481 3402 980:
614 3337 692 3400 dum
715 3357 789 3401 cum
811 3338 873 3402 hac
895 3339 1024 3403 usuaria

506 3440 615 3504 Uxore
638 3459 723 3504 nunc
745 3440 822 3504 mihi
845 3443 1014 3524 morigero,

196 3633 223 3678 c.
254 3612 502 3676 Adiectivum
531 3631 551 3676 a
581 3632 649 3676 suo
679 3613 855 3694 positivo
885 3633 999 3677 versu
1027 3615 1246 3680 seiunctum
1277 3620 1448 3700 utraque

623 3717 884 3780 excusatione
908 3721 1024 3781 caret.

226 3853 257 3889 α.
274 3834 472 3890 Adiectivum
490 3834 561 3890 aliis
579 3834 708 3890 vocibus
726 3834 922 3905 interpositis
941 3850 960 3889 a
978 3849 1034 3890 suo
1054 3835 1190 3906 positivo
1210 3838 1413 3910 disiungitur.

527 3938 566 4002 A.
591 3939 626 4001 in
650 3938 833 4004 versibus
855 3939 1115 4021 longioribus.

209 4066 220 4084 ⁴
260 4040 323 4105 Mil.
348 4040 426 4123 glor.
450 4041 528 4106 450:
658 4041 819 4105 hosticum
830 4041 854 4125 1)
878 4043 940 4108 hoc
962 4044 1040 4108 mihi

552 4129 609 4208 Est
632 4143 827 4210 domicilium
835 4143 872 4230 ²),
896 4147 1032 4211 Athenis
1055 4148 1172 4213 domus
1195 4153 1254 4215 est.

262 4333 284 4402 ¹)
310 4337 428 4389 bostium
444 4336 505 4390 libri
523 4338 631 4400 (ostium
650 4334 717 4401 CD).

261 4419 284 4488 ²)
302 4423 480 4476 Domicilium
498 4432 536 4477 eat
553 4423 583 4487 B,
609 4422 683 4490 quod
708 4437 765 4474 non
783 4421 872 4475 solum
890 4429 999 4492 propter
1021 4425 1297 4493 proceleusmaticum,
1317 4426 1364 4479 sed
1386 4426 1467 4481 etiarn

174 4511 317 4575 propterea
334 4506 424 4560 minus
442 4507 539 4575 placet,
559 4509 633 4576 quod
651 4507 886 4577 pronuntionioni:
906 4511 1204 4565 deicilumetddmuo
1221 4511 1333 4564 Plautus
1352 4512 1468 4579 praefert

174 4597 336 4646 accentuum
353 4592 540 4647 variationem.

1259 4700 1276 4752 5
