3286 5198
794 88 836 152 ta

170 315 262 360 suam
289 295 482 359 sententiam
510 294 552 358 ab
584 316 636 379 epo
666 302 776 379 atquc.
792 345 819 360 ..
845 314 954 358 orsum
982 296 1074 358 esse?
1114 295 1283 375 praeterea
1312 310 1471 356 versuum

169 419 230 463 nec
251 419 364 463 sensus
386 417 446 462 nec
468 398 595 461 numeri
618 401 693 461 sunt
714 397 828 461 vttiosi.

213 597 215 601 ι
255 518 324 582 Iam
345 517 543 582 Bacchidum
570 517 623 582 illo
647 517 718 581 loco
752 518 814 601 (vv.
838 519 900 581 615
924 519 955 581 et
978 517 1054 600 616)
1084 516 1184 580 verba
1213 517 1324 597 posui,
1359 519 1396 579 ut
1419 516 1468 579 le·

170 625 288 704 guntur
317 622 350 685 in
378 620 554 698 codicibus,
589 621 649 684 nisi
679 620 767 701 quod
790 620 815 683 B
842 621 910 684 volo
941 639 981 683 ex
994 620 1079 684 uoto
1110 622 1290 684 correctum
1318 618 1468 700 praebet,

168 725 310 806 itemque
332 720 493 788 versuum
506 723 744 787 distinctionem
767 723 900 800 servavi,
924 723 1052 805 qualem
1075 723 1204 787 exhibet
1226 721 1262 787 B.
1298 721 1470 785 Sententia

170 831 279 891 autem
302 847 381 891 sane
403 827 526 907 integra
549 831 606 893 est.
659 826 879 904 Quamobrem
908 826 1040 890 omnino
1068 845 1134 890 non
1158 826 1294 890 addecet
1317 826 1468 890 codicum

170 930 269 995 fidem
285 930 375 994 nIhili
391 929 511 993 habere
529 933 561 992 et.
579 949 646 993 non
665 930 771 994 solum
789 929 1025 993 distinctionem
1041 949 1203 1006 versuum,
1225 949 1339 992 verum
1357 929 1467 1007 etiam,

171 1034 259 1115 quod
277 1033 404 1115 gratim
423 1037 480 1109 est,
504 1035 696 1116 scripturam
713 1033 845 1096 licenter
860 1037 986 1096 mutare
1005 1036 1102 1114 atque
1125 1033 1357 1114 pessumdare.
1392 1032 1467 1096 Ser-

169 1156 282 1200 vemus
315 1140 424 1217 potius
457 1156 539 1218 quae
572 1137 690 1201 tradIta
724 1141 813 1213 sunt,
855 1136 932 1199 dum
965 1137 1036 1218 quis
1070 1136 1163 1200 certis
1197 1135 1394 1217 argumentis
1428 1155 1468 1199 ea

171 1239 295 1303 refellat
317 1258 355 1303 ac
381 1239 514 1304 meliora
544 1243 722 1321 expromat.
775 1239 901 1303 Primus
923 1239 1017 1320 igitur
1040 1259 1151 1302 versus
1174 1238 1375 1320 septenarius
1397 1242 1467 1301 tro-

172 1342 300 1406 chaicus
323 1345 385 1419 est,
420 1343 474 1422 qui
495 1347 570 1424 post
598 1343 778 1424 complures
807 1342 989 1407 octonarios
1020 1361 1086 1405 non
1109 1341 1208 1405 modo
1231 1360 1298 1405 non
1322 1341 1467 1417 offendit,

172 1444 228 1508 sed
259 1445 356 1509 etiam
385 1445 567 1526 aptissimus
590 1450 654 1524 est,
689 1467 754 1529 quo
776 1446 928 1510 trochaici
956 1446 1082 1509 numeri
1103 1445 1265 1510 finiantur.
1311 1444 1468 1525 Exempla

172 1547 248 1612 satis
270 1548 372 1612 multa
395 1551 522 1626 extant,
552 1550 642 1613 verbi
671 1550 775 1631 gratIa
796 1549 883 1612 Pers.
908 1550 981 1626 967,
1004 1548 1060 1612 ubi
1088 1549 1271 1630 septenario
1301 1547 1468 1611 trochaico

171 1651 244 1714 finis
266 1652 302 1715 fit
325 1651 553 1715 trochaeorum
576 1656 607 1716 et
629 1653 663 1716 in
685 1653 859 1716 iambicum
885 1655 1025 1715 metrum
1047 1651 1210 1715 transitur.

257 1772 404 1835 Alterum
419 1792 547 1836 versum
571 1774 814 1854 anapaesticum
837 1792 907 1836 esse
927 1774 1070 1853 apparet.
1116 1771 1224 1852 Atque
1243 1775 1279 1834 ut
1298 1771 1470 1834 exhibetur

173 1873 205 1937 in
229 1874 405 1952 codicibus,
429 1876 573 1939 trimeter
595 1877 818 1958 anapaesticus
843 1875 1045 1938 catalecticus
1074 1878 1137 1951 est,
1169 1875 1223 1956 qui
1245 1894 1356 1938 versus
1379 1873 1471 1955 apud

173 1977 325 2041 Plautum
354 1997 421 2041 non
448 1979 513 2042 iam
535 1980 696 2043 inauditus
720 1985 776 2043 est.
827 1979 996 2043 Manifesto
1028 1978 1114 2041 enim
1143 1977 1229 2041 hunc
1256 1976 1470 2058 deprehendit

174 2080 328 2146 Christius
362 2081 466 2164 (Metr.
489 2081 734 2164 Bemerkungen
764 2103 802 2146 zu
832 2083 863 2145 d.
892 2081 984 2146 Cant.
1016 2082 1046 2144 d.
1076 2081 1209 2145 Plautus
1238 2102 1269 2163 p.
1292 2081 1350 2156 44,
1384 2099 1471 2160 quae

173 2183 354 2248 dissertatio
383 2189 471 2248 extat
500 2187 532 2249 in
556 2186 846 2268 SItzungsberichte
873 2186 930 2249 der
957 2185 1153 2248 Mdnchener
1174 2184 1277 2247 Akad.
1304 2183 1396 2259 1871,
1429 2183 1469 2248 cf.

174 2288 271 2350 etiam
295 2286 422 2352 Christii
444 2287 584 2352 Metrik2
605 2309 636 2370 p.
661 2291 747 2373 973),
771 2290 825 2371 qui
847 2289 941 2352 Truc.
966 2289 1007 2352 95
1031 2309 1100 2370 sqq.
1125 2292 1156 2351 et
1180 2286 1272 2351 Cure.
1300 2287 1470 2351 155-157

174 2390 276 2453 affert.
327 2390 384 2455 His
411 2411 471 2473 ego
501 2392 680 2475 addiderim
711 2392 802 2458 Cure.
833 2413 884 2457 vv.
909 2393 950 2455 96
974 2396 1006 2455 et
1028 2392 1084 2468 97,
1119 2391 1223 2455 ubiB
1254 2389 1306 2473 (ct.
1329 2388 1472 2471 Ussingii

174 2493 364 2571 editionem,
403 2495 456 2576 qui
488 2495 558 2559 cod.
587 2495 613 2558 B
645 2497 884 2577 discriptionem
913 2499 1019 2573 servat
1049 2514 1224 2576 versusque
1254 2512 1313 2575 pro
1344 2492 1472 2556 creticis

173 2597 368 2660 tetrametris
378 2599 531 2676 venditat,
551 2603 582 2662 et
594 2598 897 2663 Goetzii-RItschelii
909 2598 959 2664 ed.
972 2619 1004 2679 p.
1016 2598 1129 2682 XVIII)
1149 2598 1209 2661 hos
1225 2597 1324 2661 habet
1341 2615 1471 2686 versus:

330 2699 403 2763 Flos
425 2703 541 2765 veteris
562 2703 628 2765 vini
650 2705 730 2766 mets
753 2703 884 2765 naribus
908 2700 1080 2765 obiectust:

330 2802 404 2865 Eius
427 2823 520 2867 amor
542 2805 690 2886 cupidam
714 2826 766 2869 me
789 2805 852 2869 huc
874 2804 999 2886 prolicit
1021 2823 1080 2885 per
1101 2802 1262 2867 tenebras.

174 2905 318 2986 sequitur
346 2907 583 2971 octonarius
612 2910 926 2990 anapaesticus,
976 2906 1114 2970 Fabulas
1141 2906 1171 2968 in
1199 2906 1284 2969 hanc
1305 2924 1374 2969 rem
1398 2905 1472 2970 dili-

175 3013 287 3090 genter
314 3009 521 3090 perlustranti
548 3010 683 3075 fortasse
711 3012 783 3074 talis
810 3032 921 3075 versus
950 3011 1047 3074 etiam
1077 3009 1152 3073 alibi
1180 3013 1336 3076 occurret.
1389 3009 1474 3074 Utut

176 3116 233 3189 est,
257 3112 319 3176 hoc
342 3113 382 3175 de
406 3133 470 3195 quo
493 3114 617 3195 agimus
639 3114 710 3177 loco
734 3114 938 3179 scribendum
960 3115 1102 3177 videtur:
1143 3105 1144 3108 '

330 3214 542 3280 Malevolente
564 3217 691 3298 ingenio
714 3222 825 3281 natus:
849 3221 1014 3299 postremo
1037 3219 1070 3281 id
1093 3217 1175 3294 mist,
1201 3218 1288 3298 quod
1310 3217 1385 3281 volo

331 3319 398 3400 Ego
422 3339 491 3382 esse
514 3320 591 3385 aliis.
639 3319 797 3384 Credibile
819 3321 882 3385 hoc
905 3324 976 3385 est?
1010 3320 1146 3402 nequior
1168 3322 1304 3384 nemost.

176 3420 328 3502 Sequitur
353 3421 416 3486 hoc
441 3443 569 3504 quoque
599 3424 670 3487 loco
702 3425 884 3489 octonarius
913 3424 1145 3505 anapaesticus.
1197 3421 1348 3487 Ceterum
1377 3423 1477 3490 liceat

174 3543 308 3589 monere
330 3545 458 3589 versum
480 3527 568 3590 haud
590 3528 712 3591 malurn
735 3530 767 3591 in
790 3528 980 3592 Germanica
1001 3527 1110 3608 lingua
1132 3526 1312 3589 adhibitum
1335 3545 1406 3590 esse
1429 3528 1476 3592 ab

175 3627 326 3692 Uhlando
349 3629 381 3692 in
405 3630 555 3708 carmine,
579 3631 667 3712 quod
689 3632 870 3696 inscribitur
892 3632 942 3695 au
963 3630 1132 3694 Mutuum
1156 3629 1206 3714 (II,
1229 3629 1294 3712 55).

263 3731 328 3795 Sed
351 3732 414 3795 iarn
438 3732 608 3797 redeamus
631 3734 672 3797 ad
696 3755 765 3799 rem
788 3735 998 3817 proposItam.

575 3960 601 4026 l.
636 3957 853 4028 Subiectum
876 3956 1076 4026 antecedit.

521 4096 560 4160 A.
595 4096 633 4160 in
654 4097 835 4161 versibus
858 4096 1124 4177 longioribus.

264 4214 351 4279 Trin.
376 4217 455 4280 699ε
613 4215 694 4280 haec
716 4216 915 4298 famigerato

501 4320 547 4382 Te
569 4319 729 4397 honestet,
753 4340 805 4383 me
829 4320 1070 4396 conlutulentet,
1095 4319 1120 4383 si
1143 4320 1211 4383 stne
1234 4319 1309 4383 dote
1333 4319 1474 4388 duxeris.

264 4437 379 4503 Pseud.
404 4440 485 4504 699:
642 4441 699 4503 sed
721 4440 790 4503 istic
812 4438 989 4504 Pseudolus

522 4543 632 4607 Nouos
655 4543 763 4606 mihist
