3286 5198
800 167 841 230 59

258 368 344 434 Rud.
369 371 449 435 316:
476 370 607 435 Nullum
629 375 709 436 istac
731 373 811 437 facie
828 377 864 437 ut
879 374 1046 456 praedicas
1063 374 1188 438 venisse
1203 374 1267 439 huc
1289 375 1416 440 scimus.
1430 376 1463 444 iss

555 474 698 556 Ecquem

478 577 654 642 Recalrom
676 598 714 643 ac
736 579 871 644 silonem
893 600 1024 645 senem.
1040 580 1096 647 ..1

350 680 451 744 1378:
607 682 633 745 si
656 682 799 747 vidulum

477 783 572 847 Hriuc
594 784 789 866 redegissem
812 787 845 850 in
866 790 1063 869 potestatem
1086 789 1162 853 eius.

259 885 357 951 Stich.
382 887 462 951 552:
619 888 645 951 is
667 888 736 969 ipse
759 890 849 970 quasi
871 893 922 953 tu.
942 894 1012 954 tum
1035 910 1133 954 senex

483 967 540 1054 1111
562 991 654 1071 quasi
677 1011 736 1072 ego
763 992 808 1068 ,si
831 992 895 1057 vis“
921 993 1034 1075 inquit.

557 1197 592 1263 B.
627 1198 665 1261 in
693 1198 861 1262 senariis
884 1199 1075 1264 iambicis.

257 1314 374 1383 Pseud.
398 1317 455 1381 58:
613 1321 641 1382 ei
663 1319 708 1382 rei
732 1319 800 1383 dies

487 1420 575 1484 Haec
597 1422 831 1501 praestitutast:
855 1443 1014 1505 proxuma
1036 1424 1196 1507 Dionysia.

382 1524 459 1588 767:
490 1523 574 1601 Quoi
596 1527 781 1589 servitutem
804 1526 836 1590 di
858 1525 982 1590 danunt
1004 1526 1168 1591 lenonianr

487 1625 592 1690 Puero
615 1631 713 1709 atque
736 1627 841 1693 eidern
864 1630 890 1694 si
912 1629 1037 1694 addunt
1058 1631 1297 1711 turpitudinem.
1362 1707 1365 1712 ¹

359 1731 455 1794 1017:
486 1729 632 1794 Peiorem
657 1751 717 1813 ego
739 1731 905 1796 hominem
926 1732 1092 1815 magisque
1114 1738 1244 1798 rorsute
1266 1734 1387 1798 malum

487 1832 662 1916 Nunquam
684 1821 798 1916 edepol
822 1855 1019 1918 quemquam
1041 1836 1114 1903 vidi.

258 1936 321 2002 Mil.
345 1936 424 2018 glor.
450 1937 506 2000 73:
537 1935 634 2000 Utin
657 1937 783 2002 tabellis
805 1958 887 2020 quos
910 1938 1073 2021 designavi
1095 1940 1147 2004 hic
1169 1940 1238 2005 heri

538 2039 704 2119 Latrones,
726 2041 798 2105 ihus
820 2041 1022 2106 dinumerem
1044 2043 1248 2124 stipendium.

403 2142 500 2206 1392:
536 2141 597 2219 Qui
620 2146 724 2207 omnis
746 2164 782 2208 se
804 2163 915 2208 amare
937 2144 1047 2223 credit,
1071 2166 1218 2228 quaeque
1241 2147 1400 2228 aspexerit

538 2245 660 2324 Mulier,
684 2267 781 2328 quem
804 2247 942 2312 oderunt
965 2268 1029 2330 qua
1050 2250 1109 2313 viri
1132 2269 1197 2331 qua
1218 2250 1375 2316 mulieres,

259 2349 353 2416 Most.
378 2350 458 2413 760:
486 2349 571 2414 Nam
593 2350 653 2413 sibi
675 2348 855 2414 laudavisse
878 2351 974 2415 hasce
997 2352 1042 2415 ait
1063 2351 1315 2416 architectonem

484 2452 709 2533 Nescioquam,
733 2473 802 2516 esse
825 2452 1009 2517 aedificatas
1030 2454 1090 2518 has
1112 2475 1191 2519 sane
1212 2455 1305 2522 hene.

258 2573 349 2637 Talia
371 2572 466 2654 igitur
487 2573 691 2653 pronomina,
714 2576 750 2636 ut
773 2572 991 2654 compluribus
1010 2574 1143 2638 vocibus
1160 2575 1355 2657 interpositis
1371 2575 1464 2640 facile

172 2696 273 2742 asuo
304 2677 441 2758 positivo
470 2675 677 2752 dirimuntur,
710 2676 788 2740 salis
817 2676 950 2740 licenter
979 2677 1076 2740 etiam
1102 2678 1172 2759 ipso
1195 2697 1306 2742 versus
1334 2678 1399 2742 fine
1421 2679 1463 2742 ab

172 2800 211 2846 eo
235 2780 327 2844 avelli
354 2783 491 2862 possunt
517 2779 587 2860 lege
617 2778 713 2844 nulla.
764 2780 910 2861 Apparet
938 2786 1047 2844 aulem
1076 2799 1207 2845 causam
1235 2781 1328 2845 huius
1358 2781 1404 2845 rei
1431 2781 1464 2845 in

171 2885 402 2967 pronominum
424 2886 540 2947 natura
561 2882 657 2946 sitam
680 2901 765 2960 esse,
789 2902 853 2963 qua
876 2886 931 2946 aut
950 2902 1070 2947 nomen
1092 2884 1223 2965 aliquod
1245 2885 1463 2966 antecaplunt,

171 2987 216 3051 ita
252 2990 288 3050 ut
321 3005 441 3050 nornen
469 2986 576 3068 ipsum
602 2989 679 3067 post
714 2985 895 3066 complures
932 3004 1028 3049 voces
1062 2987 1113 3051 vel
1154 2987 1252 3050 eliam
1284 2987 1317 3050 in
1361 2987 1462 3051 altero

171 3110 266 3154 versu
288 3093 450 3171 sequatur,
474 3093 530 3153 aut
546 3108 666 3153 nornen
681 3087 875 3152 antecedens
892 3092 966 3170 post
984 3088 1213 3171 redintegrant.
1259 3089 1331 3167 Quo
1353 3095 1463 3154 tamen

172 3195 273 3277 magis
295 3197 460 3276 appareat,
484 3212 582 3274 quam
604 3193 705 3256 libera
726 3193 760 3255 in
780 3191 843 3256 hac
865 3212 899 3256 re
922 3192 1061 3256 Plautini
1083 3194 1240 3258 sermonis
1263 3193 1463 3258 consuetudo

172 3299 221 3376 sit,
244 3317 348 3380 pauca
371 3297 532 3380 exempla,
562 3316 645 3379 quae
672 3295 750 3359 mihi
772 3295 964 3359 videbantur
993 3297 1159 3378 aptissima
1181 3297 1297 3378 quihus
1319 3316 1370 3361 res
1391 3296 1463 3360 illu·

172 3405 344 3478 stauretur,
375 3421 395 3464 a
423 3400 552 3482 reliquis
581 3402 731 3480 separata
760 3418 858 3480 pono.
920 3397 1142 3463 Conferendus
1176 3403 1224 3464 est
1260 3399 1300 3464 de
1331 3403 1400 3463 tota
1429 3419 1464 3463 re

171 3505 296 3569 Brixius
319 3505 361 3568 ad
383 3504 445 3569 Mil.
470 3503 548 3585 glor.
575 3503 645 3566 111.
668 3502 742 3568 431.
767 3506 798 3565 11
820 3501 907 3566 idem
928 3521 1002 3567 nov,
1027 3503 1133 3566 annal.
1158 3507 1221 3567 vol.
1242 3504 1313 3567 101.
1336 3523 1368 3584 p.
1389 3503 1461 3568 779.

175 3608 244 3673 lam
266 3612 445 3689 sequuntur
467 3606 624 3687 exempla.

225 3815 257 3878 b.
292 3833 511 3896 pronomen
534 3813 721 3877 licentius
744 3831 786 3876 ac
809 3811 920 3893 quasi
942 3814 1215 3883 πλεοναστικώς
1237 3810 1408 3876 additur.

522 3969 561 4031 A.
596 3968 633 4031 in
655 3966 833 4031 versibus
855 3966 1112 4048 longioribus.

258 4089 345 4153 Trin.
370 4091 449 4154 950:
483 4087 567 4165 Quid
584 4088 653 4151 ais?
684 4091 720 4151 tu
742 4106 829 4150 nunc
850 4088 877 4150 si
898 4087 980 4150 forte
1004 4106 1136 4169 eumpse
1155 4084 1362 4150 Charmidem
1385 4104 1463 4149 con-

487 4270 493 4292 ,
569 4191 720 4272 spexeris

481 4295 574 4359 Illum
597 4314 693 4376 quern
721 4294 778 4358 tibi
805 4294 882 4358 istas
905 4293 1031 4358 dedisse
1055 4311 1279 4359 conmemoras
1302 4291 1462 4374 epistulas.

171 4415 268 4482 Illum
301 4436 374 4480 cum
407 4437 465 4480 suo
499 4416 636 4497 positivo
673 4415 870 4480 Charmidem
902 4414 984 4478 adeo
1018 4435 1085 4479 non
1119 4414 1287 4489 cohaeret,
1321 4416 1357 4475 111
1390 4430 1464 4474 011111

172 4522 278 4585 Brixio
308 4521 341 4584 in
371 4519 435 4584 fine
466 4519 580 4602 prioris
598 4538 708 4582 versus
737 4518 832 4582 liceat
855 4518 1056 4599 distinguere.
1101 4516 1351 4597 Redintegratur
1373 4515 1464 4596 quasi

172 4625 249 4690 illud
274 4624 482 4706 Charmidem,
506 4642 570 4705 quo
594 4623 695 4703 magis
717 4620 880 4685 auditores
903 4621 1099 4702 intellegant,
1124 4620 1163 4683 de
1187 4638 1252 4700 quo
1275 4622 1398 4700 agatur.
