3286 5198
866 125 888 188 4

234 330 414 416 pedibus.¹)
460 331 555 397 Velut
577 331 610 396 in
631 332 762 396 ultimos
790 331 872 395 duos
893 332 995 414 pedes
1017 351 1130 396 versus
1158 330 1320 395 rarissime
1343 329 1531 394 sententiae

231 435 331 499 linem
346 435 488 499 incidere
504 438 640 499 constat.
676 435 761 513 Quin
778 434 877 498 etiam
896 439 971 498 ante
988 435 1136 516 quintum
1150 435 1279 516 pedem,
1296 434 1353 497 ubi
1369 432 1531 498 diaeresis

231 538 379 603 bucolica
401 558 496 602 suum
518 537 619 603 habet
634 538 751 614 locum,
775 537 887 616 rarius,
909 540 945 602 ut
967 539 1095 603 videtur
1117 575 1157 586 -
1180 538 1201 601 l.
1214 557 1238 603 s.
1252 557 1277 600 s,
1295 537 1392 601 vicies
1409 539 1532 617 quater

231 642 347 707 accidit
370 678 410 688 —
433 640 506 705 finis
529 641 709 705 sententiae
727 640 764 704 fit
783 660 883 722 quam
901 641 934 705 in
952 642 1151 724 insequentis
1170 660 1280 705 versus
1297 639 1398 704 initio.
1432 639 1532 704 Haec

231 749 342 810 autem
364 743 489 821 omnia,
521 743 588 809 sive
610 744 644 808 in
665 743 818 809 ulteriore
847 748 940 826 parte
962 744 1183 809 antecedentis
1205 763 1317 807 versus
1340 762 1426 807 nova
1448 762 1531 806 sen-

230 847 333 912 tentia
364 847 488 911 orditur
515 847 581 911 sive
609 847 643 911 in
672 847 763 912 initio
790 846 989 929 insequentis
1018 847 1145 923 finitur,
1180 846 1222 910 ad
1249 846 1390 910 formam
1420 846 1531 927 magis

232 971 331 1033 quam
348 950 390 1015 ad
407 969 538 1015 sensum
553 950 714 1033 pertinere
731 955 884 1033 apparet:
908 952 1044 1032 itaque
1060 969 1134 1013 vox
1153 948 1290 1030 aliqua
1309 950 1347 1013 in
1366 969 1531 1013 versum

232 1053 404 1118 alterurn
425 1053 627 1118 translata
649 1054 723 1119 hac
744 1053 833 1136 ipsa
854 1074 896 1118 re
919 1074 997 1118 non
1019 1053 1154 1131 debet,
1179 1053 1359 1134 quamvis
1381 1052 1530 1134 possit,

232 1156 422 1238 accipere
444 1157 634 1221 maiorem
656 1157 743 1221 vim.
788 1157 883 1221 Velut
905 1158 937 1221 in
960 1156 1106 1222 versibus
1131 1157 1191 1220 107
1213 1175 1276 1236 sq.:

491 1260 572 1325 Ἀλλ’
597 1262 797 1348 ἀναχωρήσας
820 1257 920 1346 πρόσθ’
949 1263 1055 1325 ίπποιιν
1077 1263 1128 1324 καὶ
1150 1250 1274 1346 ὄχεσφιν

480 1354 589 1449 Ἔσιη,
612 1366 660 1428 καὶ
683 1364 831 1430 Σθένελον
853 1365 990 1452 προσέφη
1015 1362 1185 1448 Καπανήιον
1209 1363 1279 1427 olda.

231 1469 264 1530 et
286 1465 348 1530 309
371 1486 436 1548 sq.:
481 1457 576 1552 Ἔσιη
600 1468 666 1550 γνὺξ
689 1469 795 1551 ἐριπὼν
818 1470 868 1532 καὶ
891 1469 1024 1550 ἐρείσατο
1047 1469 1124 1554 χειρὶ
1145 1466 1257 1553 παχείῃ

490 1571 600 1656 Γαίης·
615 1573 690 1658 ἀμφὶ
712 1572 745 1635 δὲ
768 1559 840 1635 ὄσσε
862 1575 980 1655 κελαινὴ
1004 1573 1052 1643 νὺξ
1075 1564 1231 1656 ἐκάλυψεν.

232 1692 362 1754 sensus,
396 1677 432 1737 ut
454 1673 596 1751 videtur,
631 1673 663 1737 in
690 1672 823 1737 vocibus
857 1673 926 1757 ἔστη
950 1677 982 1737 et
1005 1676 1091 1759 γαίης
1113 1692 1180 1737 non
1214 1671 1309 1736 solito
1343 1671 1445 1752 magis
1478 1674 1531 1736 est

230 1777 416 1857 unguendus
440 1777 558 1860 (potuit
581 1796 607 1840 e.
631 1795 660 1857 g.
683 1796 813 1840 versum
836 1776 1043 1840 concludere:
1075 1780 1125 1841 καὶ
1147 1779 1248 1864 χερσὶν
1272 1777 1406 1860 ἐρείσατο
1428 1777 1529 1860 γαίης.

232 1879 271 1943 cf.
295 1880 394 1944 etiam
416 1880 495 1945 illud
518 1876 587 1945 λεῖπ’
615 1899 645 1942 ν.
672 1880 747 1956 157,
779 1879 834 1960 qui
856 1898 954 1961 supra
977 1879 1092 1945 citatus
1116 1878 1195 1962 est),
1226 1879 1259 1942 in
1282 1881 1392 1944 ὁππότε
1414 1903 1464 1942 κεν
1489 1882 1530 1964 δή

233 2002 382 2064 quaeque
400 1985 474 2047 sunt
492 1981 625 2063 reliqua,
643 2001 727 2063 quae
738 1982 771 2045 in
782 1981 847 2045 fine
864 1981 1038 2046 sescenties
1057 1985 1176 2060 extant,
1196 1983 1330 2047 omnino
1347 2002 1414 2046 non
1426 1975 1529 2050 inest.

60 2109 214 2216 ου
233 2084 1223 2270 ...ίιίιιί.71117171ιίνιιῑλί.
1238 2084 1532 2269 nunni

233 2312 320 2357 esse:
352 2291 385 2355 in
407 2291 514 2356 Persis
538 2312 565 2355 e.
589 2311 618 2373 g.
641 2292 741 2356 modo
769 2291 820 2356 bis
842 2311 908 2356 una
929 2310 993 2355 vox
1015 2291 1048 2354 in
1075 2290 1213 2355 altemm
1235 2312 1364 2356 versum
1387 2292 1530 2370 reicitur,

232 2399 268 2459 ut
289 2416 318 2459 v.
344 2395 406 2459 708
417 2392 459 2478 ²):
492 2396 669 2478 κλαυμάτων
692 2396 806 2480 λήξασα
823 2397 918 2460 τῶνδε
940 2397 991 2458 καὶ
1011 2395 1090 2477 γόων
1114 2394 1207 2482 σαφές
1228 2397 1256 2459 τί
1279 2421 1328 2479 μοι

491 2501 583 2572 λέξον.
604 2501 775 2583 ἀνθρώπεια
792 2489 855 2563 δ”ίιν
872 2522 916 2562 τοι
933 2498 1042 2582 πήματ’
1060 2493 1095 2563 ἂν
1112 2499 1197 2586 τύχοι
1209 2501 1333 2585 βροτοῖς.
1358 2499 1397 2562 cf.
1410 2519 1439 2561 v.
1455 2498 1532 2565 167.

318 2601 355 2665 ln
377 2603 531 2666 trimetris
554 2607 667 2666 contra
688 2621 848 2683 persaepe
875 2601 1019 2665 invenies
1047 2621 1147 2666 unam
1170 2602 1349 2684 quamlibet
1372 2621 1486 2666 vocem
1513 2624 1532 2668 e

233 2724 293 2769 sua
314 2706 475 2770 sententia
496 2725 656 2786 versuque
679 2705 847 2787 demptam
869 2704 903 2768 in
925 2705 1107 2785 proximum
1131 2724 1262 2768 versum
1280 2705 1458 2782 transferri,
1481 2705 1533 2771 ita

232 2811 268 2872 ut
286 2811 362 2890 post
380 2828 453 2872 eam
469 2828 583 2872 vocem
601 2808 825 2889 distinguatur.
858 2807 930 2872 Hoc
947 2808 1062 2871 accidit
1082 2807 1171 2871 verbi
1190 2807 1294 2888 gratia
1310 2808 1343 2870 in
1354 2808 1532 2873 Persarum

232 2931 282 2974 vv.
309 2911 477 2975 170-717
501 2917 533 2976 et
551 2911 724 2976 793-534
744 2910 841 2974 vicies
864 2913 989 2992 quater.
1034 2909 1151 2974 Versus
1174 2913 1248 2974 sunt
1270 2911 1303 2974 hi
1331 2912 1390 2976 179
1402 2931 1466 2993 sq.:

465 3020 586 3087 πολλοῖς
609 3017 661 3099 μέν
684 3017 731 3079 ἀεί
752 3014 899 3098 νυκτέροις
922 3015 1050 3099 ὀνείρασι

465 3117 580 3203 ξύνειμ’,
605 3113 651 3205 ἀρ’
681 3107 772 3202 οὗπερ
795 3123 863 3190 παῖς
886 3120 956 3202 ἐμὸς
979 3119 1095 3188 στείλας
1118 3120 1302 3201 στρατὸν...

240 3220 300 3284 188
312 3239 376 3301 sq.:
624 3223 674 3286 καὶ
696 3223 858 3306 κασιγνήτα
880 3221 982 3305 γένους

465 3324 574 3389 ταύτοῦ
594 3344 600 3358 ·
619 3328 731 3409 πάτραν
754 3324 877 3390 δ’ἕναιον
900 3315 920 3408 ή
944 3326 996 3408 μὲν
1014 3318 1150 3388 Ἑλλάδα
1175 3371 1182 3385 .
1207 3368 1213 3382 .
1239 3372 1246 3384 .

234 3424 316 3489 Item
338 3447 368 3490 v.
390 3426 460 3490 195.
484 3426 556 3490 707.
582 3427 654 3491 709.
679 3428 751 3491 717.
776 3428 849 3491 713.
873 3427 946 3492 794.
972 3427 1043 3490 316.
1070 3426 1142 3489 370.
1167 3425 1239 3488 374.
1264 3425 1336 3488 343.
1356 3425 1428 3489 368.
1454 3425 1530 3491 394.

233 3528 306 3592 417.
330 3529 403 3593 413.
427 3529 500 3593 414.
523 3529 597 3596 416.
621 3531 696 3595 417.
719 3532 793 3595 476.
817 3531 891 3597 486.
915 3529 988 3594 504.
1012 3529 1085 3591 515.
1109 3528 1183 3591 575.
1535 3529 1537 3534 ’

321 3633 442 3698 Contra
458 3633 490 3696 in
507 3633 713 3698 ulterioribus
732 3654 844 3699 versus
863 3633 1002 3716 pedibus
1021 3649 1108 3694 nova
1124 3630 1286 3695 sententia
1306 3632 1405 3695 modo
1425 3630 1531 3697 sexies

237 3732 360 3815 incipit:

299 3836 404 3899 ’714ε
440 3842 516 3903 ante
540 3843 720 3903 extremum
743 3840 905 3914 creticum,

321 3940 405 4004 457ε
441 3947 517 4006 ante
543 3945 722 4006 extremum
745 3942 935 4017 diiambum,

333 4085 343 4141 J
370 4077 469 4131 Mansit
477 4080 520 4133 hic
529 4095 602 4145 usus,
617 4080 692 4146 quod
701 4079 793 4142 sciam,
806 4077 834 4131 in
847 4076 970 4131 versibus
984 4077 1099 4131 heroicis
1114 4079 1231 4133 cuiusvis
1242 4079 1337 4133 aetatis
1351 4084 1531 4146 receptusque

235 4167 276 4216 est
293 4162 322 4214 in
339 4178 432 4216 versus
451 4164 590 4232 elegiacos.
625 4164 699 4217 Inter
707 4164 848 4218 Romanos
866 4160 940 4216 verbi
957 4162 1044 4231 gratia
1054 4162 1178 4230 Ovidius,
1199 4164 1244 4232 qui
1262 4164 1291 4217 in
1309 4165 1449 4230 sententiis
1467 4181 1530 4219 cum

234 4247 356 4303 versibus
374 4248 562 4302 consociandis
579 4248 607 4302 in
625 4248 748 4317 elegiacis
769 4247 947 4314 carminibus,
971 4253 1002 4302 ut
1020 4249 1109 4315 decet,
1132 4250 1182 4304 luit
1204 4249 1402 4314 severissimus,
1425 4250 1453 4303 in
1471 4250 1530 4308 Art.

235 4350 287 4386 arn.
303 4334 323 4398 1,
339 4351 382 4388 vv.
400 4335 501 4388 1-500
513 4333 818 4402 undequadragies
837 4333 920 4387 modo
934 4335 1096 4389 sententiam
1111 4351 1204 4389 versus
1219 4336 1267 4403 (sc.
1281 4336 1446 4399 hexametri;
1464 4353 1529 4390 nam

234 4418 262 4472 in
277 4419 331 4473 fine
345 4419 504 4487 pentametri
514 4435 619 4486 semper
627 4419 735 4486 gravius
745 4419 872 4488 distingui
881 4421 1001 4488 apparet)
1017 4420 1071 4474 fine
1086 4421 1233 4490 interrupit,
1248 4420 1355 4475 vicies
1373 4426 1425 4475 ter
1439 4427 1530 4476 autem

234 4504 280 4572 ita,
289 4505 421 4559 utstatim
430 4505 458 4558 in
467 4503 542 4558 initio
552 4504 718 4572 insequentis
727 4520 820 4558 versus
835 4505 976 4572 respiratio
990 4505 1034 4560 vel
1048 4505 1136 4560 minor
1149 4507 1191 4562 rel
1201 4506 1288 4559 maior
1300 4508 1471 4576 agnoscenda
1487 4508 1530 4562 sit.

321 4588 343 4657 2)
371 4589 430 4643 Cito
448 4606 500 4643 sec.
518 4589 694 4643 Wecklinum.
