3286 5198
825 94 866 157 oa

286 298 348 362 Mil.
373 298 451 380 glor.
474 298 557 363 441:
687 301 849 382 geminam
872 319 1060 381 germanam
1081 304 1190 365 aream

586 404 645 505 ilic
667 422 812 466 sororem
836 422 904 466 esse
925 403 1098 468 indaudivi.

474 507 554 571 635:
585 508 698 583 immo,
721 505 850 587 hospes,
867 507 968 587 magis
985 526 1084 588 quom
1099 506 1254 588 periclum
1267 507 1373 585 facies,
1392 507 1505 590 magis

665 629 780 673 nosces
802 628 909 673 meam

586 711 780 777 Comitatem
802 731 877 794 erga
898 716 931 776 te
953 717 1064 777 amant
1084 734 1127 778 m.

449 818 552 880 799a:
683 835 742 897 ego
765 820 851 880 recte
873 817 996 900 meas1)

586 919 681 983 Aciris
703 923 786 985 utor.

578 1125 614 1188 B.
649 1126 687 1189 in
710 1126 891 1190 senariis
914 1127 1113 1191 iambicis,

287 1245 374 1309 Trin.
403 1247 476 1309 141:
634 1246 722 1327 quod
744 1266 836 1309 meae
860 1247 1110 1312 concreditumst

501 1349 725 1413 Tacitdrnitati
748 1350 840 1428 clam,
864 1350 928 1415 fide
951 1355 983 1414 et
1005 1351 1150 1417 fiduciae.

381 1453 475 1516 1100:
503 1452 730 1516 Thensairrum
753 1452 947 1518 effodiebam
965 1455 1050 1519 intus
1073 1454 1183 1518 dotem
1206 1453 1290 1518 filiae

502 1555 591 1619 Tuae
614 1558 698 1636 quae
720 1556 859 1622 daretur.

287 1657 402 1722 Pseud.
427 1659 505 1722 482:
664 1678 799 1739 ecquam
822 1660 883 1723 scis
906 1660 1006 1724 filium
1028 1661 1193 1725 tibicinam

532 1760 640 1824 Meum
662 1764 795 1825 amare?

429 1864 506 1929 849:
535 1865 652 1927 Verdm
676 1883 735 1944 pro
758 1865 861 1945 pretio
885 1865 966 1928 facio
990 1871 1026 1929 ut
1048 1884 1148 1948 opera
1169 1871 1326 1948 appareat

536 1966 617 2044 Mea,
641 1969 706 2048 qud
730 1967 907 2031 conductus
928 1968 1032 2034 venio

287 2069 350 2135 Mil.
375 2070 453 2150 glor.
478 2071 556 2133 542:
714 2068 798 2146 Quid
821 2090 971 2151 opsecras
994 2074 1071 2135 me?
1097 2074 1127 2139 iss
1150 2073 1297 2139 Inscitiae

577 2173 668 2237 Meae
692 2175 724 2235 et
747 2173 899 2237 stultitiae
920 2174 1076 2255 ignoscas.

470 2278 548 2341 563:
704 2294 781 2338 narn
803 2276 966 2340 hominem
989 2297 1118 2342 servom
1140 2298 1215 2342 suos

577 2379 725 2443 Domitos
746 2379 867 2444 babere
890 2383 1019 2461 oportet
1041 2381 1151 2445 oculos
1174 2385 1206 2445 ct
1229 2400 1353 2447 manus

155 2521 158 2527 ·
286 2499 375 2564 Haec
392 2498 459 2562 iere
476 2500 624 2581 exempla
642 2502 707 2563 tres
722 2500 795 2563 illae
807 2500 935 2564 fabulae
954 2502 1109 2566 offerunt:
1133 2502 1221 2584 quod
1238 2506 1348 2568 autem
1364 2522 1497 2586 semper

200 2604 323 2668 formae
353 2625 438 2668 meris
465 2612 536 2667 tuus
563 2624 639 2668 suus
661 2604 706 2667 sic
729 2608 941 2686 usurpantur,
977 2624 1044 2668 non
1067 2609 1176 2669 autem
1197 2614 1304 2671 noster
1326 2611 1359 2670 et
1380 2615 1495 2686 voster,

199 2711 333 2788 propter
355 2707 511 2771 maiorem
539 2707 753 2787 frequentiam
780 2707 907 2771 illarum
936 2707 1114 2771 formarum
1141 2708 1219 2772 nihil
1241 2709 1340 2773 habet
1362 2710 1493 2778 mirum.

199 2809 295 2874 Addo
317 2829 359 2873 ne
382 2810 453 2891 quis
474 2810 539 2873 tale
562 2810 639 2890 quid
662 2809 834 2873 desideret:

286 2911 402 2976 Bacch.
428 2912 506 2976 172:
664 2913 718 2993 qui
741 2912 875 2976 aedibus

537 3015 740 3096 Propinquus
763 3016 880 3078 nostris
902 3015 1028 3081 accolis

429 3119 507 3183 0237:
537 3118 622 3182 Nam
645 3120 736 3180 meus
754 3117 906 3181 formidat
928 3119 1063 3195 animus
1086 3123 1233 3183 nostrum
1254 3125 1323 3185 tam
1346 3120 1400 3185 diu

536 3222 586 3284 lbi
609 3220 753 3284 desidere
775 3239 881 3301 neque
903 3221 1007 3284 redire
1030 3221 1140 3287 filium.

287 3340 438 3405 Similiter
461 3340 551 3421 Epid.
575 3341 638 3404 597
661 3340 694 3403 in
722 3345 802 3422 sept.
830 3342 931 3408 troch.
985 3343 1042 3406 His
1072 3343 1166 3424 igitur
1197 3345 1351 3426 exemplis
1379 3347 1496 3427 positis

200 3463 386 3526 quanquam
426 3462 521 3524 spero
557 3463 609 3506 me
639 3443 908 3509 demonstravisse
935 3465 1117 3526 pronomen
1146 3448 1362 3529 possessivum
1390 3468 1495 3515 asuo

200 3549 338 3630 positivo
360 3567 489 3629 semper
510 3567 605 3628 posse
628 3548 734 3626 avelli,
765 3553 874 3612 tamen
897 3569 981 3630 quae
1003 3570 1069 3614 non
1092 3550 1226 3614 ferenda
1247 3551 1316 3615 risa
1337 3557 1413 3614 sunt
1435 3557 1496 3618 aut

200 3650 336 3715 fortasse
359 3651 498 3730 cuipiam
520 3655 655 3731 possunt
678 3651 776 3715 videri
798 3652 892 3715 liceat
914 3651 1042 3719 addere.

289 3753 373 3818 aud.
399 3754 478 3817 742:
635 3755 742 3818 ofilia

493 3856 574 3933 Mea,
598 3877 697 3938 quom
715 3858 800 3922 hanc
815 3858 909 3920 video
927 3877 1073 3921 mearum
1089 3879 1141 3923 me
1158 3859 1275 3924 absens
1290 3860 1495 3928 miseriarum

569 3980 754 4025 conmones.

286 4062 375 4126 Asin.
397 4065 476 4127 433:
633 4065 716 4142 Quoi
738 4066 903 4130 datumst?
926 4065 959 4133 ssl
982 4066 1090 4129 Sticho
1113 4065 1230 4129 vicario
1253 4065 1313 4147 ipsi

496 4167 577 4230 Tuo.
601 4167 636 4234 iss
658 4168 742 4234 Vah!
767 4169 906 4232 delenire
928 4169 1077 4250 adparas.

287 4270 381 4332 Truc.
405 4270 479 4332 531.
502 4269 535 4332 in
558 4271 735 4351 appendice
758 4272 771 4334 l
795 4272 838 4354 (p.
865 4270 917 4355 75)
940 4271 1138 4335 tractabitur.

289 4477 309 4544 ¹)
336 4481 401 4530 ineis
424 4476 485 4529 libri
508 4477 562 4529 Pal.
587 4477 625 4543 (in
643 4478 666 4530 A
685 4493 741 4530 non
760 4479 878 4545 appar.);
903 4478 1007 4545 insequ.
1031 4493 1099 4530 vers.
1122 4476 1159 4530 sic
1181 4476 1297 4531 restituit
1321 4493 1354 4531 ex
1372 4479 1494 4548 vestigiis

201 4563 375 4617 Ambrosiani
393 4563 551 4631 Seyffertus3
573 4564 598 4617 in
619 4563 649 4616 B.
669 4579 762 4616 versus
781 4564 861 4620 deest.
