3286 5198
733 245 761 249 ,,
789 155 886 250 89

163 377 229 422 una
259 377 329 422 esse
357 357 493 436 videtur,
525 362 561 423 ut
589 360 705 423 eodem
727 378 821 424 versu
849 360 966 424 debeat
989 360 1228 442 comprehendi.
1267 360 1455 443 Scripserim

137 453 140 457 ’
164 466 273 526 autem
295 465 376 543 sept.
399 462 502 526 troch.
525 462 708 526 dimetiens:

534 585 575 628 ne
598 585 650 629 me
673 566 770 647 attige
783 565 808 650 ¹)
831 569 928 649 atque
951 566 1042 630 aufer
1063 586 1207 630 nranum.

391 667 426 736 iss
447 668 528 731 Heia
551 687 650 750 quam
671 669 853 734 feroculast.

253 770 323 835 136.
358 771 406 834 Ex
428 770 511 835 facili
534 775 566 835 et
588 775 665 852 apta
688 773 872 836 coniectura
894 773 1062 837 Grautoffii
1085 772 1290 837 scribendum
1313 776 1377 836 est:

404 873 579 939 Consilium
601 873 665 938 hoc
688 875 773 957 cepi:
804 876 925 940 litteras
947 876 1018 940 misi
1040 876 1083 940 ad
1105 895 1215 940 senem

402 977 556 1042 Nostram
578 997 729 1059 processe
752 979 846 1043 nobis
869 1000 908 1043 ex
931 980 1090 1044 sententia

401 1080 626 1145 Mercaturam.
1051 1077 1052 1081 ’

160 1183 216 1247 ubi
238 1183 434 1249 Ribbeckius
457 1184 584 1248 codices
606 1188 735 1248 secutus
757 1195 900 1251 nostrum
922 1185 1031 1262 edidit,
1054 1186 1144 1267 quod
1165 1185 1271 1251 minus
1293 1185 1408 1266 placet.

161 1357 163 1360 .
249 1289 327 1353 177:
458 1307 552 1370 gemo
576 1307 666 1352 meas
688 1287 844 1365 fortunas,
868 1292 981 1353 mater.
1005 1288 1040 1357 iss
1061 1289 1159 1352 Hem!

358 1391 430 1470 Qua
452 1392 550 1454 caiisa
571 1390 634 1453 huc
656 1410 754 1473 opere
776 1411 929 1455 maxumo
953 1391 1178 1456 contenditur?

245 1495 286 1558 Hi
309 1515 419 1559 versus
439 1493 650 1557 Ribbeckiani
672 1494 760 1558 nullo
783 1495 881 1558 modo
899 1495 1022 1559 ferendi
1040 1499 1124 1559 sunt.
1158 1495 1242 1560 Nam
1261 1500 1337 1560 ante
1353 1497 1452 1560 inter-

149 1600 330 1663 iectionem
352 1597 618 1680 monosyllabum,
643 1617 740 1679 quam
763 1598 906 1662 centiens
929 1599 961 1662 in
983 1599 1048 1663 fine
1071 1619 1182 1663 versus
1199 1604 1308 1663 extare
1326 1599 1452 1663 notissi-

159 1722 249 1767 mum
279 1706 344 1779 est,
381 1722 542 1783 semper
565 1701 660 1765 elidi
689 1701 835 1766 vocalem
866 1702 930 1766 iarn
957 1721 1056 1784 supra
1088 1703 1132 1785 (p.
1155 1704 1198 1767 80
1220 1702 1252 1766 in
1279 1702 1381 1786 initio)
1411 1703 1452 1766 de

157 1804 310 1869 Terentio
338 1825 437 1887 agens
468 1806 730 1869 commemoravi.
775 1803 949 1882 Quomodo
977 1809 1086 1869 autem
1119 1804 1209 1869 locus
1236 1805 1452 1870 restituendus

158 1908 208 1984 sit,
231 1908 366 1971 dubium
387 1909 524 1987 videtur,
546 1909 686 1972 necdum
710 1907 786 1972 mihi
802 1927 992 1990 persuasum
1015 1912 1064 1972 est
1085 1908 1277 1988 scripturam
1300 1908 1450 1972 traditam

158 2030 228 2075 esse
250 2030 371 2075 veram.
404 2012 615 2094 Aliquatenus
632 2011 737 2092 probo
755 2011 956 2092 septenarios
971 2010 1161 2087 trochaicus,
1185 2011 1297 2093 quales
1314 2011 1450 2076 circum·

157 2114 283 2195 scripsit
305 2115 380 2179 Luc.
404 2115 593 2179 Muellerus:

443 2217 570 2302 geme2)
594 2219 741 2282 fortunas
762 2237 852 2281 meas
937 2271 939 2275 ,

312 2320 424 2385 Mater.
442 2322 478 2389 sst·
499 2322 600 2386 Hem!
635 2340 700 2402 qua
727 2339 825 2384 causa
853 2320 917 2384 huc
945 2340 1043 2402 opere
1072 2321 1213 2384 maximo
1236 2320 1449 2384 contenditur.

244 2424 323 2488 905:
347 2423 421 2487 Non
445 2428 492 2488 est
515 2424 683 2488 mediocris
706 2445 757 2488 res
779 2444 885 2506 neque
909 2424 987 2510 [est]
1011 2425 1154 2507 vulgaria

347 2526 485 2591 Fallacia
507 2528 596 2591 haec.

157 2630 209 2693 Sic
232 2630 314 2696 bene
337 2629 551 2704 Ribbeckius;
579 2649 622 2693 sc.
646 2631 826 2694 subiectum
849 2631 1037 2723 sententiae,
1060 2633 1096 2694 ut
1118 2635 1229 2694 monet
1251 2630 1377 2707 Birtius,
1401 2634 1450 2694 est

155 2733 290 2815 fallacia
311 2734 384 2798 laec
391 2780 400 2814 ,
431 2752 498 2797 non
520 2734 609 2815 hacc,
640 2738 675 2797 ut
698 2738 767 2797 toto
789 2735 896 2816 priore
918 2754 1013 2798 versu
1034 2734 1257 2815 praedicatum
1280 2733 1446 2798 efficiatur.

240 2836 361 2900 Titini
384 2837 421 2901 8:
553 2838 598 2901 ita
620 2857 753 2918 spurcus

438 2941 610 3004 Animatur
634 2939 709 3026 [ira]
733 2941 766 3003 in
788 2940 962 3021 proelium:
986 2939 1072 3004 veles
1095 2958 1193 3021 eques
1214 2940 1327 3021 recipit
1350 2959 1384 3003 se

441 3065 462 3107 ><
485 3037 505 3106 >’<
528 3066 549 3106 ><
572 3065 593 3107 κ
616 3067 636 3107 ><
660 3066 679 3104 ><
703 3067 723 3107 ><
745 3067 765 3107 ><
789 3067 809 3107 ><
829 3062 935 3126 neque
958 3043 1030 3107 ferit
1053 3061 1250 3124 quemquam
1272 3041 1409 3105 hostem.

154 3149 242 3213 Haec
275 3148 466 3230 placuerunt
500 3148 694 3222 Ribbecki03
731 3167 795 3229 qua
828 3148 861 3211 in
893 3167 929 3211 re
961 3150 1090 3229 praeter
1117 3145 1266 3210 lacunam
1293 3146 1448 3208 statutam

153 3253 279 3316 numeri
312 3251 426 3332 prioris
453 3271 564 3315 versus
592 3271 670 3315 sane
707 3252 837 3332 pessimi
866 3250 1043 3332 displicent.
1092 3248 1159 3330 Ego
1190 3248 1305 3312 eodem
1335 3247 1448 3311 deveni

154 3375 219 3438 quo
242 3356 317 3419 Luc.
340 3354 521 3430 Muellerus,
545 3358 581 3418 ut
602 3353 710 3418 locum
734 3346 860 3440 ἄμετρον
883 3374 953 3419 esse
976 3353 1141 3418 confitear.

240 3460 298 3522 24:
431 3479 515 3541 quae
537 3460 621 3522 intra
631 3457 658 3543 3)
682 3459 794 3522 decem

308 3563 421 3627 Annos
444 3563 582 3644 nequisti
604 3561 748 3644 togulam
771 3581 871 3624 unam
881 3559 908 3643 4)
933 3561 1092 3624 detexere.

152 3666 241 3735 Haec
267 3666 433 3730 Ribbeckii
456 3667 618 3748 discriptio
647 3685 725 3729 num
753 3684 830 3728 vera
862 3665 912 3740 sit,
942 3664 1149 3727 vehementer
1171 3661 1293 3725 dubito.
1336 3660 1448 3726 Potest

153 3791 266 3834 verum
289 3770 406 3834 vidisse
429 3769 653 3845 BuecheleruS,
677 3769 732 3851 qui
754 3768 831 3831 talia
852 3766 1027 3849 prompsit:

308 3873 398 3950 Quae
420 3873 505 3936 intra
527 3871 639 3935 decem
662 3890 766 3935 annos
788 3871 927 3935 nesciisti
949 3890 1048 3934 unam
1070 3873 1181 3950 togam
1204 3868 1364 3931 detexere.

151 3975 227 4038 Mihi
259 3977 394 4040 fortasse
433 3975 495 4038 alia
533 3974 584 4038 via
623 3974 832 4057 ingredienda
864 3973 999 4038 videtur.
1071 3971 1202 4039 Conicio
1237 3971 1323 4034 enim
1369 3970 1445 4035 olim

152 4097 218 4141 non
240 4082 328 4143 intra
351 4081 452 4144 decem
475 4099 585 4157 annos,
609 4079 666 4141 sed
687 4081 776 4142 intra
798 4098 900 4141 annos
924 4078 1025 4141 decem
1044 4075 1151 4152 fuisse,
1172 4073 1244 4156 quia
1263 4073 1307 4137 sic
1324 4071 1446 4137 facilius

151 4186 296 4261 apparet,
321 4183 486 4263 quomodo
509 4181 586 4245 illud
608 4183 695 4245 intra
724 4181 758 4243 in
788 4183 870 4245 inter
899 4179 1038 4261 potuerit
1070 4177 1240 4259 corrumpi.
1294 4176 1389 4253 Quod
1419 4175 1446 4238 si

239 4352 259 4421 ¹)
287 4359 369 4422 arripe
405 4355 511 4424 scripsi3
530 4358 617 4422 antipa
636 4353 713 4410 codd.

238 4440 259 4505 2)
287 4442 338 4495 Pro
358 4460 431 4509 yeme
448 4440 559 4495 Merceri
576 4439 719 4493 Muellerus
737 4439 826 4508 inepte
843 4442 895 4493 heu
913 4437 1025 4505 scripsit.

236 4527 259 4594 ³)
287 4532 360 4582 inter
378 4528 455 4582 codd.

235 4613 259 4682 4)
287 4633 371 4668 unam
388 4624 477 4682 toyam
496 4613 573 4667 codd.
