3286 5198
857 132 898 194 aa

800 222 955 231 ,-..---

231 343 307 408 addi
332 342 407 407 volo
438 342 501 408 Mil.
533 342 612 424 glor.
641 345 702 408 act.
730 340 781 406 IV.
810 361 854 407 sc.
886 341 905 405 9
934 339 1146 422 posteriorem
1174 341 1301 420 panem
1335 335 1535 418 septenariis

230 447 443 528 anapaesticis
465 445 680 527 conscriptam
703 446 765 530 (vv.
782 443 1006 527 1011-1093)
1029 446 1061 507 et
1082 442 1170 507 Trin.
1193 444 1255 507 act.
1271 440 1321 507 IV.
1346 460 1388 506 sc.
1410 441 1425 504 1
1446 459 1535 504 con-

231 549 383 632 scriptam
406 548 578 614 octonariis
591 547 616 633 ¹)
639 549 850 631 anapaesticis
874 549 937 634 (vv,
960 546 1155 629 890-839).

332 669 369 736 11.
404 669 583 734 senarios
605 668 801 735 iambicos

317 789 369 857 111.
404 791 563 855 cantica
583 788 636 854 vel
657 789 804 871 lyricos
826 808 974 854 versus¹

319 908 426 974 Genus
448 911 587 988 tertium,
611 929 686 974 curn
706 910 824 974 horum
845 928 996 974 versuum
1019 908 1181 990 discriptio
1204 909 1332 990 saepius
1355 926 1421 970 non
1445 924 1532 970 con-

232 1015 311 1090 stet,
334 1012 367 1076 in
389 1013 451 1078 hac
473 1015 677 1096 quaestione,
702 1013 821 1095 quippe
843 1032 927 1094 quae
950 1011 1099 1093 exempla
1120 1031 1218 1093 quam
1242 1011 1419 1076 certissima
1440 1010 1534 1074 desi-

233 1115 340 1193 deret,
364 1115 430 1180 fere
453 1136 581 1198 semper
603 1116 727 1182 omitto.
751 1153 793 1164 —
815 1114 918 1180 Attuli
939 1117 1051 1179 autern
1072 1115 1196 1192 omnia,
1227 1134 1310 1196 quae
1332 1113 1383 1179 vel
1405 1112 1535 1195 aliquid

233 1217 349 1282 docere
389 1239 485 1300 posse
524 1219 764 1296 existimabam,
808 1238 848 1283 ex
886 1219 936 1283 his
975 1217 1091 1282 fabulis
1124 1217 1240 1282 tribus:
1282 1218 1533 1295 Trinumm0,

233 1320 444 1400 Pseudolo,
474 1322 597 1387 Milite
627 1322 821 1404 glorioso3
850 1322 906 1387 ubi
931 1325 1042 1386 tamen
1068 1322 1174 1403 potuit
1201 1322 1370 1402 prodesse,
1403 1324 1534 1386 ceteras

234 1442 363 1506 quoque
382 1426 514 1492 excussi.
550 1425 621 1491 Hae
643 1431 752 1490 autem
774 1427 840 1489 tres
859 1424 987 1489 fabulae
1010 1428 1059 1489 tot
1082 1425 1222 1489 offerunt
1237 1444 1348 1488 versus
1370 1443 1409 1487 ac
1430 1425 1533 1489 tales:

232 1666 369 1736 intellego)
387 1668 443 1722 suis
459 1669 563 1738 legibus
581 1668 686 1738 eisque,
711 1674 741 1723 ut
758 1669 871 1736 ridetur,
889 1668 1059 1723 liberioribus
1076 1668 1124 1721 uti.
1160 1666 1371 1735 Distinguamus,
1389 1667 1412 1721 si
1430 1668 1534 1738 placet,

233 1753 304 1806 inter
320 1753 435 1807 formam
455 1759 481 1807 et
499 1771 621 1809 sensum:

321 1857 344 1910 1.
370 1857 412 1911 Ad
430 1857 548 1911 formam
565 1874 691 1912 versuum
708 1857 738 1911 in
755 1858 914 1912 trochaeum
932 1857 1088 1912 exeuntium
1106 1857 1180 1924 quod
1199 1855 1306 1921 attinet,
1326 1857 1536 1912 observandum

234 1946 275 1996 est
297 1946 325 1996 et
350 1943 524 1997 observatum
542 1960 559 1997 a
582 1943 645 1998 viris
669 1944 755 1998 doctis
779 1943 822 2010 (cf.
840 1943 975 1997 Klotzium
992 1959 1017 2011 p.
1037 1943 1101 2008 993,
1125 1943 1171 2012 qui
1195 1947 1286 1995 tamen
1304 1959 1360 1995 non
1379 1943 1536 1998 admodum

234 2027 322 2096 placet
339 2032 366 2082 et
384 2028 529 2083 Christium
546 2029 657 2082 hletrih²
674 2046 700 2097 p.
710 2027 771 2097 341)
791 2030 864 2098 apud
878 2029 1019 2082 Romanos
1037 2029 1130 2083 arsin
1148 2028 1272 2082 ultimam
1286 2028 1394 2096 saepius
1408 2027 1534 2097 dissolvi,

234 2113 309 2182 quod
325 2113 465 2183 intellegas
483 2131 516 2168 ex
533 2115 590 2169 his:

975 2199 1085 2254 Numeri
1171 2200 1535 2268 num.,quoind.,qu0tiens

494 2287 590 2343 Locus.
964 2303 1098 2341 versuum.
1174 2285 1270 2339 ultima
1280 2285 1347 2339 arsis
1357 2285 1535 2343 dissolvatur.

236 2368 289 2423 Mil.
307 2370 373 2438 glor.
392 2371 538 2426 354-495.
566 2374 593 2427 h.
611 2390 633 2427 e.
654 2374 684 2426 71
705 2389 806 2429 versus.
946 2376 1014 2441 sept.
1032 2372 1115 2426 lamb.
1322 2372 1338 2424 9

236 2455 290 2509 Mil.
309 2456 375 2526 glor.
393 2458 538 2513 874-946.
565 2461 592 2514 h.
611 2476 633 2513 e.
653 2461 682 2513 71
705 2475 807 2515 versus.
946 2464 1013 2526 sept.
1031 2458 1113 2512 iamb.
1322 2459 1338 2510 9

236 2540 290 2595 llil
308 2542 375 2610 glor.
394 2544 572 2599 1916-1983.
599 2547 626 2603 h.
645 2561 668 2598 e.
686 2545 720 2599 68
738 2561 839 2600 versus.
943 2550 1010 2612 sept.
1029 2545 1111 2600 iamb.
1304 2545 1337 2597 15

169 2638 172 2642 ·
236 2625 571 2697 Mil.glor.1011-1093.
598 2633 626 2686 h.
644 2648 666 2685 e.
686 2633 720 2686 89
737 2647 839 2686 versus.
949 2636 1016 2699 sept.
1035 2647 1115 2700 anap.
1307 2632 1339 2685 19

307 2731 447 2786 Praeterea
465 2735 735 2789 animadvertendum
752 2739 793 2789 est
810 2733 935 2788 ultimam
958 2734 1075 2788 thesin
1092 2736 1203 2804 longam
1221 2752 1280 2789 esse
1298 2737 1425 2801 solerc;
1453 2740 1534 2794 cuius

238 2815 276 2869 rei
298 2819 518 2886 comprobandae
540 2837 623 2875 causa
646 2820 769 2888 exempla
792 2820 930 2874 cumulare
947 2819 1014 2872 nihil
1038 2821 1130 2885 refert3
1157 2820 1218 2874 vide
1236 2838 1262 2874 v.
1280 2838 1304 2890 g.
1323 2823 1374 2876 lllil.
1394 2824 1446 2877 354
1460 2841 1533 2894 sqq,

239 2901 286 2955 ubi
302 2918 395 2957 versus
408 2905 606 2959 concluduntur
621 2906 746 2960 vocibus:
766 2909 897 2969 mln'rmst,
917 2904 1044 2970 edocebo,
1064 2906 1186 2974 superfit,
1204 2907 1337 2973 recedam,
1357 2910 1464 2978 quidvis
1480 2918 1534 2965 etc.

324 3005 380 3060 Nec
401 3008 491 3062 minus
513 3009 734 3078 monosyllabon,
762 3010 837 3078 quod
859 3009 887 3062 in
912 3008 1033 3062 versibus
1056 3008 1085 3061 in
1102 3008 1224 3063 iambum
1242 3010 1403 3065 exeuntibus
1420 3028 1533 3080 perraro

240 3091 363 3158 occurrit,
381 3094 480 3147 horum
497 3093 525 3149 in
543 3095 597 3150 fine
615 3095 722 3164 saepius
740 3100 822 3160 extat,
840 3095 913 3148 velut

324 3177 376 3233 llil.
395 3180 462 3248 glor.
480 3181 563 3246 luo:
585 3180 659 3234 1997.
679 3181 753 3234 1934.
773 3180 847 3235 1938.
868 3180 942 3234 1950.
962 3179 1038 3234 1953.
1058 3181 1132 3234 1961.
1153 3181 1228 3239 1970.

325 3264 401 3323 Asin.
420 3267 570 3322 381-503:
598 3267 656 3324 383.
674 3268 733 3320 411.
752 3266 813 3320 499.
829 3267 889 3324 446,
907 3267 967 3320 469.
985 3266 1045 3319 481.
1063 3267 1122 3320 489.
1141 3267 1201 3320 487.
1219 3267 1279 3321 493.
1297 3269 1356 3322 501.

326 3367 352 3420 9.
377 3369 420 3423 Ad
437 3386 548 3424 sensum
565 3370 639 3438 quod
658 3369 754 3424 attinet
770 3369 941 3437 (sententiam
960 3386 1052 3423 versus
1070 3369 1123 3423 fine
1138 3369 1315 3438 interruptam
1329 3371 1466 3440 intellego)
1485 3374 1535 3426 ob·

238 3453 402 3507 servandum
419 3460 460 3509 est
477 3455 506 3509 in
522 3454 645 3510 versibus
662 3454 692 3509 in
704 3454 862 3510 trochaeum
876 3455 1036 3510 exeuntibus
1050 3456 1158 3524 saepius
1170 3455 1200 3509 in
1214 3459 1333 3510 extrema
1349 3462 1425 3525 parte
1438 3473 1535 3514 versus

238 3566 273 3577 -
290 3538 363 3594 velut
379 3541 407 3595 in
424 3541 522 3596 ultima
540 3541 605 3607 arsi,
631 3543 706 3611 quod
727 3558 784 3596 non
808 3541 890 3596 semel
907 3542 939 3595 fit
956 3569 989 3579 -
1007 3557 1110 3594 novam
1132 3541 1294 3595 sententiam
1311 3542 1436 3611 incipere.
1472 3543 1535 3600 Hoc

238 3625 267 3678 in
288 3625 410 3680 versibus
433 3627 462 3681 in
483 3628 605 3682 iambum
631 3628 791 3683 exeuntibus
816 3628 855 3682 ita
877 3628 935 3682 lieri
957 3644 1014 3681 non
1040 3627 1119 3680 facile
1139 3626 1260 3680 invenies
1284 3628 1327 3681 vel
1350 3633 1421 3682 certe
1445 3628 1534 3685 multo

239 3711 333 3765 rarius
368 3713 407 3767 Ex
425 3713 551 3768 Asinaria
569 3715 643 3770 verbi
660 3714 746 3783 gratia
763 3715 818 3768 huc
835 3713 971 3782 pertinent
988 3713 1017 3766 hi
1033 3712 1099 3767 loci:

325 3813 368 3852 vv.
385 3799 445 3853 499.
463 3800 523 3854 499.
540 3801 592 3854 489
602 3802 637 3868 (a
654 3802 714 3854 487.
732 3800 791 3853 493.
810 3800 862 3853 585
872 3799 910 3867 (t)
929 3799 988 3852 598.
1007 3798 1065 3851 609.
1084 3799 1143 3852 616.
1162 3798 1220 3851 674.

326 3899 391 3955 Loci
415 3902 486 3956 intra
512 3904 568 3958 suis
593 3904 660 3958 locis
686 3903 812 3957 redibunt
829 3902 921 3971 ibique
946 3901 1148 3964 tractabuntur;
1180 3903 1212 3958 cl.
1240 3900 1322 3955 etiam
1348 3902 1418 3955 intra
1444 3919 1471 3970 p.
1489 3903 1535 3959 35.

240 3984 343 4039 Tamen
357 3989 515 4055 praesertim
533 4007 595 4044 curn
603 3990 777 4044 Trinummus
794 3993 821 4042 et
835 3987 984 4042 Pseudolus
1002 3987 1158 4055 septenariis
1174 3987 1256 4040 lamb.
1275 3992 1302 4040 et
1320 4004 1400 4055 anap.
1420 3988 1535 4043 omnino

242 4077 359 4137 careant,
374 4089 477 4128 novum
491 4091 576 4143 genus
590 4092 717 4129 versuum
731 4075 759 4128 in
774 4074 903 4142 exemplis
917 4072 1072 4141 colligendis
1081 4077 1198 4126 statuere
1207 4073 1366 4142 plerumque
1383 4073 1466 4137 nolui,
1485 4076 1535 4129 sed

241 4173 377 4212 unacum
395 4160 552 4228 septenariis
568 4161 654 4216 troch
673 4159 872 4228 comprehendi.

328 4279 350 4348 ¹)
376 4280 446 4334 Nam
464 4280 626 4335 Ritschelius
644 4286 734 4335 octon.
753 4282 838 4335 troch.
858 4281 1026 4335 constituens
1043 4281 1109 4335 mihi
1127 4298 1184 4335 non
1201 4280 1341 4350 persuasit.
