3286 5198
738 92 893 188 —co—

169 295 260 361 Talia
286 298 396 380 utique
425 318 492 362 non
521 299 653 363 ferenda
682 302 765 365 sunt.
812 298 933 364 Contra
963 299 995 362 in
1025 319 1119 364 versu
1141 299 1175 363 in
1195 298 1391 363 trochaeum
1413 317 1464 362 ex-

169 405 264 464 eunte
286 401 383 482 paulo
406 401 551 465 licentior
574 406 622 465 est
643 422 720 466 usus
742 407 868 483 poetae,
891 407 928 466 ut
951 403 1066 469 Bacch.
1091 404 1171 467 982:

665 504 742 586 quid
765 506 830 568 ait?
852 506 886 573 ssl
908 506 1050 570 Verbum

581 608 712 672 Nullum
735 609 817 674 fecit.

170 707 416 776 Observandum
443 714 553 775 tamen
583 716 631 776 est
653 711 809 775 hocloco
833 713 941 776 sensui
963 732 1093 794 quoque
1115 712 1199 777 hanc
1222 713 1464 797 discriptionem

170 813 252 878 bene
274 817 480 897 respondere.
1215 904 1218 908 Δ

256 918 449 982 intransitu
472 938 600 996 moneo,
625 939 698 982 cum
719 920 790 984 talis
813 941 889 984 usus
912 922 952 985 sit
974 921 1075 1002 magis
1094 921 1225 986 Latinus
1248 941 1348 1003 quam
1366 922 1463 986 Plau·

168 1020 270 1099 tinus,
301 1022 362 1085 hac
391 1023 424 1085 in
446 1041 481 1085 re
504 1021 601 1085 etiarn
623 1023 817 1103 pronomina
846 1025 951 1101 varia,
981 1024 1038 1088 ubi
1061 1025 1186 1089 occasio
1214 1026 1364 1103 offertur,
1395 1029 1464 1090 arte

170 1124 326 1189 collocata
347 1125 399 1188 hic
420 1129 517 1207 atque
539 1125 600 1189 illic
622 1127 765 1203 inveniri,
788 1127 875 1191 velut
898 1126 990 1210 Capi.
1017 1129 1109 1194 1012.
1140 1128 1234 1192 Most.
1255 1129 1348 1195 1079.
1378 1128 1463 1195 Men.

170 1228 243 1292 369.
267 1229 339 1294 607.
385 1227 524 1292 Causam
551 1248 669 1292 vocum
696 1230 773 1293 mitt
794 1230 851 1294 tibi
872 1230 933 1294 sibi
953 1236 1022 1294 tam
1043 1251 1141 1312 saepe
1168 1231 1202 1295 in
1224 1232 1289 1296 fine
1311 1252 1465 1297 versuum

170 1331 348 1412 positarum
379 1352 396 1395 e
423 1351 458 1395 re
484 1333 617 1396 metrica
646 1334 821 1414 petendam
849 1353 918 1398 esse
948 1335 1013 1398 iam
1040 1354 1137 1415 supra
1168 1335 1212 1420 (p.
1240 1335 1292 1419 13)
1316 1335 1391 1399 dixi.
1424 1374 1464 1383 -

170 1433 367 1498 Pronomina
388 1439 424 1499 ut
446 1435 662 1513 absolvamus
685 1436 771 1500 addo
794 1456 812 1500 e
834 1440 914 1518 sept.
938 1437 1034 1502 lamb.
1058 1437 1119 1501 hos
1142 1438 1223 1502 duos
1246 1439 1351 1502 locos:

256 1538 349 1602 Most.
376 1539 451 1602 188:
485 1539 537 1602 Tu
559 1541 685 1602 ecastor
707 1560 804 1617 erras,
828 1559 911 1622 quae
934 1541 1064 1621 quidem
1087 1541 1176 1606 illurn
1196 1546 1345 1624 expectes
1362 1563 1465 1606 unum

574 1646 672 1724 atque
694 1643 737 1707 illi
748 1643 772 1727 ¹)

481 1745 605 1810 Morem
627 1747 799 1828 praecipue
821 1747 866 1810 sic
887 1766 980 1828 geras
1003 1751 1100 1828 atque
1123 1747 1203 1812 alios
1224 1749 1415 1830 asperneris

257 1849 346 1913 Asin.
370 1850 450 1913 493:
607 1850 664 1913 sed
686 1855 796 1913 tamen
819 1870 871 1913 me

482 1951 656 2034 Nunquam
675 1953 771 2016 hodie
789 1953 921 2016 induces
938 1957 974 2016 ut
989 1953 1048 2017 tibi
1067 1954 1197 2018 credam
1213 1955 1277 2019 hoc
1293 1960 1468 2038 argentum

586 2059 706 2138 ignoto.

171 2159 257 2223 Iusto
281 2160 445 2223 molestior
467 2160 543 2224 mihi
565 2161 691 2225 videtur
708 2159 798 2242 Epid.
817 2159 890 2237 533,
914 2160 969 2224 ubi
988 2161 1136 2224 Goetzius
1159 2166 1273 2226 contra
1295 2164 1416 2228 codicis
1437 2165 1468 2229 A

172 2263 272 2327 tidem
294 2264 347 2327 vix
369 2267 456 2328 recte
480 2264 593 2328 edidit:

322 2367 399 2445 Quis
416 2367 508 2432 illaec·
525 2371 572 2430 est
593 2367 705 2431 timido
728 2370 859 2448 pectore
882 2387 965 2449 quae
986 2373 1120 2449 peregre
1142 2366 1317 2432 adveniens
1338 2371 1411 2450 ipsa
1433 2391 1468 2434 se

322 2471 513 2536 Miseratur?
536 2471 570 2540 lss
592 2471 629 2535 In
650 2471 699 2534 his
723 2522 729 2534 .
756 2521 762 2534 .
788 2521 795 2534 .

171 2593 231 2638 nec
252 2574 358 2639 minus
380 2575 590 2656 141111111644,
613 2575 668 2638 ubi
692 2595 731 2638 ex
753 2573 931 2638 Hermanni
953 2574 1158 2655 discriptione
1181 2578 1294 2640 contra
1317 2577 1468 2643 codicum

171 2677 361 2759 scripturam
386 2682 418 2742 et
439 2678 679 2759 discriptionem
703 2679 820 2741 editur:

326 2782 429 2860 Absit,
453 2782 631 2845 dummodo
655 2782 750 2845 laude
773 2784 867 2863 porta
889 2782 1024 2845 domurn
1047 2802 1081 2845 se

326 2885 486 2966 Recipiat:
511 2884 612 2948 feram
635 2889 667 2948 et
688 2884 847 2966 perferam
871 2887 972 2966 iisque
995 2883 1118 2948 abitum
1141 2884 1207 2948 eius
1230 2885 1348 2952 animo.

173 2987 324 3053 Cetemm
353 2988 433 3052 haec
460 2989 578 3052 idcirco
601 2989 702 3069 magis
732 3007 865 3066 moneo,
896 2992 931 3052 ut
965 2986 1174 3067 comprobem
1204 2986 1321 3051 horum
1351 2989 1472 3056 similia

172 3092 205 3155 in
227 3091 359 3156 senariis
381 3092 632 3173 septenariisque
652 3111 718 3155 non
739 3111 914 3168 occurrere,
939 3111 1037 3172 quam
1055 3094 1091 3153 ut
1109 3091 1239 3154 canticis
1256 3091 1471 3159 discribendis

173 3199 276 3260 certas
305 3195 391 3277 leges
420 3195 598 3269 inveniam;
632 3215 709 3258 narn
738 3194 866 3258 illorum
895 3195 980 3276 leges
1011 3214 1089 3257 num
1117 3194 1257 3275 integras
1286 3195 1319 3257 in
1341 3197 1471 3262 cantica

170 3298 265 3363 liceat
286 3299 469 3374 transferre,
493 3298 623 3361 minime
646 3301 738 3362 const
760 3301 781 3360 t.

258 3402 373 3465 Restat
395 3406 431 3465 ut
454 3421 509 3464 eos
540 3400 628 3465 locos
650 3402 761 3483 paucis
789 3402 959 3482 attingam,
989 3401 1043 3465 ubi
1073 3402 1143 3483 quis
1175 3401 1336 3464 obiectum
1366 3403 1473 3468 artius

173 3525 247 3570 cum
269 3504 368 3568 verbo
393 3504 565 3568 cohaerere
587 3506 756 3585 putaverit.
802 3504 874 3567 Huc
895 3525 925 3570 v.
949 3526 995 3586 gr.
1019 3505 1195 3587 pertinent:

260 3609 352 3691 Capt.
377 3611 455 3673 868:
586 3613 618 3672 te
640 3608 747 3672 hercle
771 3646 811 3654 —
835 3608 879 3671 mi
901 3611 1071 3688 aequomst
1093 3607 1211 3688 gratias

486 3689 590 3795 Agere
613 3715 655 3776 ab
679 3713 837 3777 nuntium.

259 3818 353 3885 Most.
377 3820 457 3883 470:
589 3839 689 3901 quom
712 3820 744 3881 in
766 3819 863 3881 hasce
886 3817 974 3880 aedis
996 3815 1114 3896 pedem
1229 3903 1232 3906 ἡ

486 3921 589 3985 Nemo
612 3925 696 3985 intro
719 3920 833 3984 tetulit.

261 4026 382 4091 Contra
398 4026 529 4088 minime
546 4025 652 4106 placet
668 4025 755 4088 Pers.
768 4025 842 4100 494,
865 4022 921 4086 ubi
939 4026 1051 4085 contra
1068 4021 1214 4084 codicum
1230 4020 1328 4083 fidem
1348 4019 1471 4086 editur:

606 4128 720 4192 faciam
744 4129 780 4190 ut
802 4126 866 4189 mei
887 4125 1080 4200 memineris,
1104 4124 1182 4187 dum
1204 4124 1305 4187 vitam

520 4233 624 4297 Vivas.
648 4230 682 4298 lss
705 4233 793 4294 Bene
816 4229 906 4293 dictis
931 4283 937 4294 .
963 4278 969 4292 .
995 4278 1002 4291 .

175 4357 250 4401 nam
273 4337 373 4400 verba
394 4339 490 4400 vitam
512 4338 596 4398 vicos
615 4334 771 4397 artissime
789 4333 960 4396 cohaerere
978 4350 1075 4394 nemo
1095 4350 1162 4393 non
1178 4330 1264 4394 videt
1288 4330 1368 4414 (non
1390 4329 1472 4396 item

175 4441 264 4503 Asin.
289 4440 373 4518 397).

264 4578 286 4645 ¹)
315 4579 456 4642 Attendas,
476 4576 646 4645 quambene
666 4575 764 4642 duplex
786 4573 857 4640 „ille‘
878 4573 906 4626 in
925 4573 1019 4626 eodem
1038 4587 1118 4625 versu
1135 4577 1261 4639 ponatur.
