3286 5198
740 154 894 250 *aa*

346 357 404 424 39:
437 357 529 422 Ultro
563 362 719 436 meretur,
762 379 859 441 quarn
898 359 1010 425 obrem
1044 366 1189 427 ametur:
1222 364 1267 428 ita
1301 365 1464 447 dapsiliter

526 479 602 525 suos
624 481 746 526 amicos

430 564 505 629 Alit.

173 671 289 734 Versus
311 670 392 734 tales
414 672 550 750 possunt
567 688 636 732 esse
656 669 731 734 veri.
777 669 885 747 Malim
908 674 1027 749 tamen,
1051 691 1124 737 cum
1140 693 1181 738 ne
1201 677 1308 738 octon.
1333 676 1462 757 quidem

172 772 269 838 iamb.
291 771 486 855 hypercatal.
510 772 554 836 ita
576 772 727 853 frequens
749 773 799 851 sit,
822 793 895 838 cum
918 773 1020 838 Keilio
1043 779 1149 839 octon.
1173 777 1292 841 troch.:

482 876 567 940 ultro
590 881 740 953 meretur,
763 876 976 958 quamebrem
999 882 1136 942 ametur:

327 956 376 1045 lta
397 979 561 1060 dapsiliter
583 982 659 1043 suos
681 980 801 1043 amicos
823 979 888 1043 elit.

174 1084 288 1148 Frusta
318 1088 425 1147 autem
454 1086 502 1147 est
532 1082 742 1160 Ribbeckius‚
773 1083 828 1165 qui
850 1083 1002 1148 adnotat:
1033 1105 1110 1169 quos
1140 1087 1195 1170 (sc.
1219 1107 1372 1152 numeros
1393 1093 1406 1152 t
1425 1109 1462 1154 o·

174 1187 312 1270 chalcos)
337 1190 430 1251 etiem
454 1187 532 1251 tales
552 1188 714 1250 instituere
736 1186 865 1250 licebat:

481 1290 566 1354 ultro
590 1294 731 1354 meretur

328 1394 549 1472 Quamobrem
571 1397 717 1458 ametur.
731 1443 738 1457 .
752 1443 759 1456 .

172 1497 256 1562 Nam
278 1497 541 1562 homoeoteleuta
561 1500 713 1561 meretur:
734 1499 856 1561 emetur
879 1515 956 1561 cave
978 1517 1089 1561 versus
1110 1498 1176 1561 fine
1198 1498 1338 1563 dirimas.

345 1602 401 1666 88:
436 1600 507 1679 Qua
528 1620 588 1682 pro
612 1600 806 1665 confidentia
828 1619 925 1664 ausus
946 1599 1082 1664 verbum
1104 1620 1179 1665 cum
1201 1621 1240 1665 eo
1263 1603 1377 1668 fuerim

431 1705 549 1769 Facere
571 1724 673 1768 rusus.

172 1807 225 1872 Sic
247 1808 455 1884 Ribbeckius3
483 1808 541 1872 sed
562 1808 667 1871 verbis
691 1829 753 1893 qua
769 1828 833 1891 pro
857 1807 1045 1890 confidentia
1067 1811 1142 1888 apte
1164 1827 1291 1872 versum
1315 1809 1463 1874 concludi

172 1911 249 1975 mihi
267 1912 425 1993 persuasit
441 1911 560 1975 Keilius
578 1911 702 1993 reliqua
718 1910 816 1992 paulo
833 1910 978 1975 licentius
994 1910 1102 1975 edens.
1122 1912 1333 1993 Reponamus
1350 1913 1462 1995 igitur:

482 2034 547 2096 qua
569 2033 629 2096 pro
652 2014 846 2078 confidentia

326 2119 433 2182 Ausus
455 2118 591 2182 verbum
614 2136 688 2180 cum
710 2136 749 2182 eo
771 2117 886 2181 fuerim
909 2118 1013 2182 iacere
1036 2138 1138 2185 rusus.

259 2220 403 2286 Caecili
426 2221 543 2285 Stati:
588 2276 590 2279 .

346 2327 383 2389 9:
539 2345 617 2389 nam
640 2343 699 2407 ego

387 2429 520 2494 Ducibus
541 2429 651 2511 vigiliis
673 2427 842 2492 transactis
865 2427 948 2491 duco
973 2428 1122 2493 desubito
1144 2428 1287 2494 domum.

260 2532 312 2596 Sic
334 2532 531 2597 Ribbeckius
554 2530 653 2595 edidit
672 2530 878 2612 discriptione
899 2550 1051 2595 versuum
1067 2550 1199 2612 prorsus
1211 2531 1356 2597 inaudita
1374 2552 1462 2597 usus,

173 2635 345 2701 Praeterea
363 2636 522 2700 sententia
539 2635 666 2699 obiecto
679 2638 779 2709 caret3
799 2654 838 2698 ac
849 2638 979 2716 recepto
998 2655 1054 2711 me,
1073 2634 1161 2716 quod
1180 2634 1263 2698 inter
1280 2656 1355 2700 eom
1367 2640 1399 2700 et
1411 2658 1463 2721 epo
1544 2634 1547 2642 '

171 2739 266 2804 inseri
286 2739 355 2803 vult
378 2739 508 2821 quidam
527 2738 616 2820 apud
632 2736 855 2814 Ribbeckium,
874 2757 985 2802 versus
1000 2738 1097 2801 etiam
1113 2738 1239 2819 peiores
1256 2737 1348 2803 fiunt.
1392 2740 1464 2803 Iam

170 2843 249 2908 illud
266 2844 374 2920 ducor,
392 2842 480 2924 quod
495 2842 543 2906 vir
556 2842 670 2906 doctus
687 2842 720 2905 in
732 2840 888 2921 Stephani
906 2841 1079 2921 exemplari
1094 2840 1272 2923 proposuit,
1291 2845 1464 2923 propterea

172 2965 298 3028 respuo,
323 2946 411 3028 quod
432 2945 486 3009 vix
508 2945 631 3022 dubito,
654 2945 731 3026 quin
752 2944 852 3009 verba
874 2944 937 3008 sint
959 2943 1182 3008 adulescentis.
1227 2943 1430 3026 Scripserim:

552 3068 630 3113 nam
653 3068 713 3130 ego
736 3048 862 3112 duabus
884 3047 996 3130 vigiliis

442 3151 627 3217 Transactis
649 3149 767 3237 [illam]
791 3152 875 3215 duco
898 3150 1045 3215 desubito
1069 3150 1212 3215 domum.

260 3256 376 3322 Statuo
418 3257 514 3338 igitur
546 3255 677 3320 ablativi
709 3255 849 3319 absoluti
882 3254 1153 3318 constructionem
1187 3255 1232 3318 ita
1264 3254 1348 3318 inter
1381 3255 1463 3319 duos

171 3381 282 3426 versus
311 3360 466 3436 distribui,
499 3363 535 3423 ut
568 3379 688 3425 nomen
720 3359 827 3440 priore
859 3377 964 3434 versu,
998 3356 1101 3422 altero
1134 3357 1338 3439 participium
1366 3362 1462 3425 extet.

171 3464 267 3542 Quod
289 3485 395 3546 neque
416 3486 475 3548 per
502 3487 536 3531 se
562 3463 657 3529 nimis
684 3461 818 3527 offendit
841 3464 872 3524 et
895 3464 983 3524 certo
1007 3460 1155 3541 exemplo
1178 3461 1299 3543 tragico
1322 3461 1462 3543 quidem,

171 3588 238 3632 non
273 3569 396 3632 comico
430 3568 613 3633 confirmari
645 3569 763 3649 potest.
808 3565 889 3628 Nam
923 3563 1001 3627 Acci
1029 3566 1110 3644 trag.
1143 3563 1236 3644 trgm.
1264 3584 1294 3627 v.
1323 3565 1383 3629 581
1415 3585 1462 3646 sq.

171 3672 326 3753 scriptum
349 3671 512 3736 videmus:

237 3776 293 3839 Sol
316 3778 371 3857 qui
393 3775 567 3840 micantem
590 3774 727 3840 candido
750 3792 844 3837 curru
867 3775 964 3852 atque
987 3770 1076 3850 equis

239 3880 419 3944 Flammam
443 3881 546 3944 citatis
570 3878 692 3943 fervido
715 3877 831 3941 ardore
854 3874 992 3956 explicas
1017 3923 1023 3937 .
1049 3923 1055 3937 .
1081 3923 1088 3936 .

171 3984 225 4047 ubi
259 3983 421 4065 discriptio
456 3986 505 4047 est
538 3986 634 4047 certa.
676 3981 827 4045 Fortasse
858 3982 968 4042 temen
1004 3977 1101 4041 etiam
1138 3978 1241 4059 magis
1271 3976 1462 4059 placebunt,

172 4106 254 4167 quae
285 4087 363 4150 mihi
389 4085 597 4151 commendat
618 4084 750 4149 Birtius:

236 4190 317 4255 Eam
339 4210 399 4273 ego
423 4189 548 4256 duabus
570 4187 683 4269 vigiliis
704 4185 874 4252 transactis
897 4186 980 4251 duco
1003 4184 1153 4249 desubito
1176 4184 1321 4248 domurn.

237 4296 294 4358 64:
425 4293 527 4359 habes

299 4397 490 4462 Miletidam:
503 4415 563 4479 ego
575 4394 662 4460 illam
673 4395 746 4460 huic
755 4394 975 4477 despondebo‚
983 4396 1015 4457 et
1026 4396 1124 4475 gnato
1131 4390 1155 4477 ¹)
1165 4391 1282 4456 saltum
1292 4388 1462 4470 obsipiam.

260 4587 279 4653 Ι)
298 4589 349 4642 Pro
366 4596 448 4656 pacto
467 4586 545 4644 codd.
564 4585 667 4640 bment
685 4604 717 4640 ec
733 4594 799 4640 ecte
817 4583 862 4654 (ecc
880 4591 954 4639 tanto
973 4582 1100 4650 lionae).
