3286 5198
799 127 842 190 34

259 333 350 414 Epid.
374 333 456 398 552:
491 333 591 418 (quia)
611 334 700 397 Tuae
716 333 891 397 memoriae
903 333 1105 415 interpretari
1124 352 1176 395 me
1192 351 1332 414 aequom
1343 352 1471 398 censes

586 436 620 504 lss
643 436 821 501 Commode

492 524 688 603 raoul‘atast.

258 643 357 709 Poen.
383 644 463 707 875:
619 642 720 720 Quasi
741 661 818 706 vero
841 646 948 706 tacere
971 643 1142 724 quicquam
1165 643 1250 724 potis
1272 642 1324 706 sis.

689 742 723 813 lss
744 746 876 810 Rectius

485 848 613 912 Tacitae
634 849 692 912 tibi
714 868 765 913 res
787 850 913 927 sistam,
943 869 1040 929 quam
1071 848 1158 930 quod
1181 848 1333 912 dictumst
1354 852 1471 914 mutae

586 951 718 1018 mulieri.

173 1056 225 1120 Sic
253 1058 355 1133 recte,
384 1059 421 1119 ut
449 1055 590 1133 videtur,
620 1053 784 1130 scribitur3
815 1056 907 1121 codd.
932 1054 1089 1119 offerunt:
1120 1056 1160 1119 A.
1186 1057 1278 1140 quusi
1301 1063 1335 1118 tu
1360 1063 1470 1120 tacere

171 1180 242 1224 cero
266 1162 416 1245 quiquam
437 1157 504 1224 Pal.
535 1161 621 1243 queri
642 1166 676 1221 tu
698 1166 798 1222 tacere
821 1161 1002 1243 quicquam
1035 1161 1204 1239 praeterea
1233 1178 1345 1222 omnes
1368 1158 1469 1225 codd.

171 1261 306 1326 habent:
334 1264 447 1326 tacitus
469 1261 525 1325 tibi
546 1263 700 1325 resistam.
745 1260 897 1325 Ceterum
918 1261 1107 1325 adverbium
1128 1263 1242 1326 rectius
1264 1265 1397 1342 apparet
1422 1261 1470 1326 ad

171 1368 284 1430 tacitus
304 1367 413 1429 sistam
436 1365 466 1449 (i.
491 1384 518 1427 e.
541 1364 670 1447 tacebo)
693 1364 863 1445 pertinere.

256 1467 363 1532 Aulul.
387 1469 463 1532 805:
497 1467 564 1531 Nisi
583 1467 680 1531 etiam
695 1467 747 1530 hic
763 1468 914 1548 opperiar
924 1471 1034 1532 tamen
1053 1468 1229 1550 paulisper:
1245 1471 1360 1549 postea
1378 1468 1468 1532 intro

497 1570 592 1634 Hunc
614 1570 800 1652 subsequar.

257 1674 345 1738 Asin.
370 1675 447 1738 674:
579 1677 610 1736 et
633 1674 659 1736 si
680 1673 743 1736 hoc
766 1693 874 1737 meum
897 1678 989 1749 esset,
1012 1675 1108 1738 hodie

480 1775 655 1858 Nunquam
677 1796 729 1839 me
753 1795 862 1840 orares
884 1778 960 1857 quin
983 1777 1104 1843 darem.

553 1948 589 2014 B.
624 1949 662 2012 in
686 1949 860 2012 senariis
883 1950 1080 2016 iambicis.

256 2069 344 2134 Trin.
368 2070 425 2133 98:
557 2068 776 2150 primumdum
799 2070 944 2133 omnium

450 2170 533 2234 Male
555 2170 718 2235 dictitatur
739 2172 797 2235 tibi
819 2172 915 2254 volgo
937 2175 968 2236 in
991 2175 1202 2241 sermonibus,

349 2276 426 2339 too:
555 2274 662 2338 verbis
684 2276 793 2356 paucis
816 2295 914 2358 quam
937 2277 1000 2340 cito

449 2377 557 2442 Alium
580 2377 681 2441 fecisti
702 2398 764 2444 me.

346 2480 428 2545 400:
560 2482 768 2546 commodum

451 2585 522 2664 lpse
545 2584 610 2648 exit
633 2584 828 2649 Lesbonicus
851 2605 924 2650 cum
947 2606 1039 2650 servo
1063 2587 1158 2651 foras

347 2690 426 2753 757:
449 2688 534 2751 Dum
557 2689 682 2752 occasio
706 2689 733 2752 ei
755 2690 802 2753 rei
822 2690 1009 2770 reperiatur,
1032 2690 1158 2754 interim

448 2790 500 2854 Ab
523 2794 627 2855 amico
650 2791 798 2856 alicunde
820 2797 969 2856 mutuom
990 2797 1160 2874 argentum
1181 2813 1303 2876 rogem.

346 2896 426 2960 810:
558 2893 696 2974 denique

449 2996 518 3060 Diei
540 3001 668 3078 tempus
690 3017 757 3061 non
779 2997 890 3061 vides?

327 3101 425 3164 1102:
555 3103 685 3163 strenue

449 3201 548 3266 Curre
570 3204 603 3265 iu
625 3203 773 3268 Piraeum
796 3208 893 3286 atque
915 3225 1016 3270 unum
1039 3205 1230 3270 curriculum
1253 3206 1331 3271 face.

256 3303 371 3368 Pseud.
398 3306 451 3369 16:
581 3325 658 3370 nam
681 3310 716 3370 tu
739 3328 791 3372 me
814 3308 965 3373 antidhac

471 3407 665 3488 Supremum
687 3410 827 3475 habuisti
850 3412 1000 3476 comitem
1023 3412 1160 3476 consiliis
1182 3412 1254 3478 tuis,

374 3510 452 3575 524:
584 3532 643 3593 ego
667 3515 764 3578 etiam
787 3515 874 3596 prius

480 3614 575 3681 Dabo
596 3617 691 3681 aliam
713 3639 856 3701 pugnam
879 3619 999 3682 claram
1022 3622 1054 3681 et
1076 3619 1404 3686 commemorabilem.

374 3718 453 3782 533:
585 3722 741 3802 numquid
763 3725 919 3798 causaest,
942 3722 1013 3785 ilico

480 3821 564 3899 Quin
587 3826 619 3886 te
641 3826 673 3886 in
696 3825 865 3905 pistrinum
888 3825 1037 3888 condam.

357 3923 455 3987 1044:
587 3926 740 4006 quamdiu

480 4025 556 4090 Mihi
579 4030 634 4091 cor
656 4031 854 4093 retunsumst
877 4031 1095 4112 oppugnando
1117 4035 1257 4114 pectore.

254 4127 552 4213 Mil.glor.²)1130:
576 4130 739 4212 Numquid
767 4133 892 4196 videtur
918 4133 1085 4199 demutare
1115 4140 1212 4217 atque
1233 4139 1270 4198 ut
1292 4136 1423 4217 quidem
1434 4137 1459 4223 ¹)

576 4232 649 4296 Dixi
672 4236 741 4298 esse
762 4234 855 4298 vobis
873 4235 995 4300 dudum
1014 4237 1100 4301 hunc
1121 4237 1293 4302 moechum
1316 4238 1459 4308 militem.

255 4332 440 4415 Sequuntur
462 4354 480 4398 e
503 4335 630 4417 reliquis
654 4336 769 4400 fabulis
792 4339 939 4420 exempla
961 4339 1088 4407 selecta.

258 4487 277 4554 l)
305 4493 361 4543 Aut
378 4450 471 4557 telique
489 4489 548 4543 libri
567 4491 621 4544 Pal.

254 4574 275 4637 2)
303 4575 379 4628 Adde
388 4576 451 4628 aab:
470 4578 543 4644 heus,
552 4579 788 4647 Philocomasium,
798 4583 850 4634 cito
870 4576 882 4647 ll
904 4582 1073 4636 Transcdrre
1082 4586 1220 4637 curriculo
1230 4587 1266 4638 ad
1275 4601 1331 4639 noc.
1350 4583 1388 4638 cf.
1398 4584 1460 4640 524.
