3286 5198
695 53 700 61 ·
752 63 907 159 ‚a-

597 265 698 320 invidia
716 268 885 336 comprobat.

596 353 689 421 fugiat,
708 370 765 407 non
783 354 943 409 desistimus.

596 440 723 508 relinquit
739 440 837 494 locum.

597 525 635 580 sic
652 525 705 594 egit
723 543 832 580 causam
852 531 935 591 tuam,

595 614 674 679 agere
691 611 816 680 potuerit,

597 697 697 752 amoris
715 714 779 766 erga
797 702 823 751 te
841 697 891 752 sui.

597 801 678 853 saepe
694 783 749 838 iam
767 783 898 852 re(t)tulit.

597 869 631 923 ab
650 886 682 923 eo
701 869 796 923 deduci
814 886 871 922 non
888 875 985 938 potest

597 956 630 1009 de
648 955 765 1009 exercitu
782 985 816 993 —

595 1042 680 1096 teneri
699 1042 770 1095 enim
788 1059 830 1096 res
849 1041 925 1096 aliter
942 1058 999 1096 non
1017 1047 1107 1112 potest
1124 1071 1158 1082 -

596 1132 706 1182 senatus
723 1127 845 1182 retineat.

529 1268 534 1281 ,
595 1219 700 1282 praeter
717 1215 866 1277 Servilium,

596 1300 747 1355 adsentitur
764 1300 895 1355 Volcatio.

595 1386 723 1440 adsentiri
739 1387 870 1444 Volcatio.

595 1472 737 1526 hominum
755 1472 876 1541 suspitio,

595 1559 740 1627 gratificari
759 1563 864 1627 putant.

596 1649 742 1714 antequam
759 1646 896 1714 profectus
914 1662 950 1710 ee,

182 1816 361 1882 Occurnmt
390 1818 484 1899 igitur
506 1818 539 1882 in
562 1818 624 1882 hac
647 1817 785 1901 epistula
808 1817 968 1882 clausulae
996 1817 1154 1882 iambicae
1176 1816 1288 1898 viginti
1309 1837 1385 1882 una.
1480 1856 1482 1859 -

265 1929 363 1993 Addo
405 1929 468 1994 Cic.
512 1929 604 2011 epist.
640 1930 675 2007 V,
704 1931 734 2007 5,
765 1930 821 1992 ubi
862 1950 901 1993 ex
940 1929 1283 2011 duodequinquaginta
1321 1928 1471 1994 clausulis

180 2040 291 2122 viginti
313 2044 379 2104 tres
401 2041 557 2118 iambice,
589 2041 701 2122 viginti
728 2042 870 2123 quinque
893 2041 986 2105 aliter
1016 2042 1151 2117 cadunt;
1183 2042 1272 2123 quod
1301 2041 1472 2122 intellegas

182 2171 221 2216 ex
242 2153 304 2216 hac
325 2151 463 2216 tabella:

256 2312 412 2379 clausulae
434 2314 590 2381 iambicao.

180 2469 238 2509 esse
255 2453 425 2508 ostenderem
443 2483 476 2492 -

179 2556 241 2594 cum
258 2539 289 2593 T.
307 2540 482 2608 Pomponius,

177 2627 296 2681 maxime
313 2626 446 2690 conscius,

178 2712 264 2766 nostri
282 2712 492 2776 amantissimus,
594 2762 596 2766 .

178 2797 268 2852 officia
286 2798 435 2852 desiderem

177 2885 261 2939 rideri
278 2884 387 2949 debeat;

177 2988 194 3025 a
211 2987 255 3025 me
272 2970 301 3024 in
320 2975 347 3025 te
364 2971 487 3039 profecta
504 2974 575 3035 sunt,

177 3073 247 3126 quae
266 3058 302 3111 ad
319 3061 396 3110 tuum
415 3056 596 3121 commodum,

176 3144 290 3197 relatam
307 3160 365 3198 esse
383 3143 506 3211 gratiam,

176 3247 233 3286 non
251 3231 339 3284 audeo
358 3229 454 3294 dicere,

176 3332 247 3384 quae
265 3317 301 3370 ad
317 3332 362 3387 me
379 3316 470 3370 delata
487 3319 558 3380 sunt,

175 3402 248 3457 malo
266 3407 293 3457 te
310 3418 344 3456 ex
361 3401 521 3470 Pomponio,

174 3487 269 3542 litteris
287 3504 458 3556 cognoscere.

174 3573 319 3628 Romanus
336 3574 412 3628 testis
432 3579 484 3638 est;
603 3629 606 3636 ,

105 3658 107 3662 ⁴
175 3665 309 3729 quantum
327 3660 394 3714 mihi
412 3661 519 3727 debeas,

175 3745 256 3800 ceteri
272 3746 435 3804 existimant.

173 3836 323 3901 posteaque
341 3831 508 3896 constantia;

173 3916 296 3972 laborem
314 3917 477 3973 desiderant:

172 4005 280 4075 ingrata
297 4023 356 4060 esse
374 4005 497 4070 sentiam,

173 4108 245 4160 quae
262 4092 316 4146 sint
333 4097 360 4146 et
377 4093 453 4147 cuius
471 4091 553 4158 modi,

173 4193 207 4232 ex
224 4175 380 4246 Pomponio
399 4194 570 4247 cognoscere.

173 4264 282 4319 confido
300 4268 327 4317 te
344 4264 480 4323 facturum
498 4280 558 4318 esse
576 4263 675 4329 omnia,

172 4356 266 4406 tamen
285 4351 335 4406 abs
352 4356 379 4405 te
395 4350 450 4404 hoc
466 4354 566 4418 petam,

894 2316 1052 2382 clausulae
1075 2315 1161 2381 aliter
1184 2314 1339 2379 cadentes.

851 2455 902 2508 nisi
920 2453 1159 2511 commendaticias
1178 2480 1211 2489 —

850 2541 915 2595 satis
934 2542 1007 2609 apud
1025 2547 1051 2594 te
1068 2540 1165 2604 valere,

850 2628 897 2695 qui
914 2644 958 2681 me
975 2630 1110 2694 rogarent,

851 2714 886 2767 ad
903 2717 931 2767 te
948 2712 1171 2782 proficisceretur,

850 2800 1023 2854 scribendum
1039 2798 1141 2867 putavi,

850 2887 937 2940 facere
955 2902 1012 2938 non
1029 2901 1146 2954 possem.

846 2989 920 3046 ¹quae
939 2973 973 3025 ad
991 2971 1131 3036 honorem,

850 3075 919 3127 quae
938 3059 972 3111 ad
991 3057 1150 3126 dignitatem
1166 3057 1341 3125 pertinerent:

849 3150 879 3198 tu
897 3162 926 3198 es
944 3144 1064 3212 optimus
1080 3143 1164 3209 testie,

848 3247 882 3284 ex
900 3229 991 3284 multis
1009 3229 1112 3295 audiri3

848 3316 874 3369 id
893 3315 983 3385 ipsum
1000 3316 1115 3371 verbum
1132 3331 1243 3384 ponam,

847 3402 877 3456 in
894 3419 938 3456 me
956 3402 1042 3455 solere
1060 3402 1182 3457 conferri.

847 3488 963 3542 molesta
981 3488 1097 3554 fuerunt,

847 3575 937 3629 officio
956 3575 1043 3640 luerit,

846 3678 910 3729 erga
927 3677 971 3714 me
988 3661 1085 3724 fueris,

846 3744 999 3801 existimare
1017 3753 1107 3816 potes;

847 3839 928 3887 antea
944 3831 1004 3896 feci,

846 3921 894 3974 sed
911 3920 1023 3989 reliqua,
1042 3920 1109 3973 mihi
1126 3920 1212 3986 crede,

846 4007 956 4074 perdere
974 4006 1094 4070 videbor,

847 4092 949 4146 viribus
967 4092 1121 4156 sustinebo;

844 4180 964 4233 insanire
981 4179 1081 4232 videar.
1158 4195 1161 4201 ¹

845 4265 883 4319 ita
902 4265 1072 4329 commendo,

847 4351 948 4405 amoris
967 4367 1030 4420 erga
1048 4368 1100 4418 me,

846 4437 955 4506 negotio
975 4437 1116 4491 ostendas:

847 4524 949 4592 gratius
967 4524 1055 4578 lacere
1072 4528 1158 4591 potes.
