3286 5198
806 149 847 211 47

424 351 458 421 2.
491 351 683 423 Obieotum
707 353 879 439 proximo
901 373 1017 423 versu
1039 353 1223 440 sequitur.

524 509 563 572 A.
597 509 638 572 in
658 509 847 573 versibus
869 509 1127 591 longioribus,

267 644 382 710 Pseud.
406 647 483 732 294:
614 647 720 712 nullus
743 651 791 710 est
813 647 880 723 tibi,
904 666 1001 728 quem
1024 667 1118 728 roges

502 750 650 814 Mutuom
673 753 864 832 argentum?

408 871 486 933 952:
617 869 714 934 credo
737 870 846 934 animo
869 870 984 934 malost

502 972 655 1036 Aedibus.

265 1093 327 1157 Mil.
351 1093 430 1175 glor.
455 1094 514 1158 701
529 1093 568 1176 ¹):
699 1114 776 1158 nam
798 1094 905 1157 hercle
928 1094 954 1157 si
975 1094 1071 1158 istam
1093 1095 1192 1158 semel
1215 1095 1359 1159 amiseris

210 1181 213 1188 ⁸
592 1197 796 1273 Libertatem,
820 1196 908 1261 haud
931 1197 1022 1260 facile
1044 1197 1077 1260 in
1094 1198 1234 1262 eundem
1250 1219 1361 1263 rusum
1379 1201 1473 1264 resti·

697 1305 768 1364 tues
790 1300 908 1366 locum.

471 1422 569 1488 1344:
701 1422 846 1497 obsecro
870 1393 1139 1503 quemamplexa
1161 1441 1233 1485 sum

592 1524 790 1588 Hominem?

180 1644 228 1711 cf.
253 1644 368 1708 Pseud.
393 1646 465 1711 683.
502 1645 564 1711 Mil.
589 1645 667 1726 glor.
692 1647 765 1708 i95.

562 1851 598 1914 Β.
632 1851 670 1915 in
692 1852 861 1916 senariis
884 1851 1080 1917 iambicis

263 1989 349 2054 Trin.
374 1989 453 2053 436:
585 1989 617 2052 di
641 1990 732 2053 duint

490 2092 573 2169 Tibi,
597 2092 712 2170 Phrito,
736 2113 984 2175 quaequomque
1008 2097 1110 2175 optes.
1146 2152 1149 2157 .

358 2213 454 2276 1101:
589 2213 645 2276 sed
667 2213 753 2277 intus
776 2214 916 2278 narrabo
940 2213 997 2277 tibi

492 2316 532 2379 Et
554 2315 616 2380 hoc
640 2320 672 2379 et
694 2316 765 2380 alia.

262 2436 324 2500 Mil.
348 2436 427 2517 glor.
453 2437 508 2500 73:
541 2436 585 2500 Ut
606 2440 638 2499 in
661 2437 797 2501 tabellas
820 2457 901 2518 quos
924 2437 1088 2517 designavi
1109 2436 1162 2500 hic
1184 2436 1252 2501 heri

543 2541 709 2622 Latmum,
732 2541 804 2603 ibus
826 2541 1028 2603 dinumerem
1051 2539 1257 2620 stipendium.

175 2659 222 2724 Cf.
246 2660 362 2724 Pseud.
387 2661 461 2724 419.

260 2780 349 2843 Haec
383 2780 531 2860 exempla
565 2780 677 2844 decem
709 2781 848 2844 offerunt
881 2780 1024 2857 fabulae,
1059 2800 1198 2863 quorum
1227 2800 1284 2845 sex
1312 2782 1471 2862 praebent

173 2903 284 2947 versus
306 2883 480 2965 longiores,
504 2887 658 2965 quattuor
680 2884 804 2948 senarii.
849 2884 1010 2966 Apparet,
1034 2888 1070 2948 ut
1093 2904 1132 2948 ex
1154 2904 1215 2948 usu
1237 2885 1394 2949 sermonis
1417 2906 1470 2949 ex-

173 2990 299 3068 spectes
328 3024 368 3032 -
397 3006 474 3050 narn
502 3005 568 3049 non
598 2987 643 3050 ita
673 3007 770 3068 saepe
797 2986 960 3051 obiectum
989 2987 1022 3050 in
1050 2987 1115 3051 fine
1137 2989 1316 3052 sententiae
1339 2989 1471 3053 alieuius

174 3089 324 3153 collocari
354 3091 435 3153 solet
472 3126 510 3134 -
544 3109 610 3152 non
640 3090 732 3153 facile
761 3090 924 3154 obiectum
955 3091 987 3154 in
1015 3090 1105 3154 initio
1136 3090 1212 3153 novi
1240 3111 1352 3155 versus
1382 3092 1470 3173 poni.

173 3191 345 3256 Praeterea
379 3192 563 3255 huiusmodi
596 3192 759 3273 exempla,
801 3193 857 3256 ubi
898 3193 1136 3256 substantivum
1170 3213 1244 3257 eum
1278 3195 1471 3275 pronomine

173 3295 364 3372 demonstr.,
388 3295 537 3373 determ,
561 3296 666 3372 relat,
698 3296 843 3377 interog,
867 3296 997 3362 indefin.
1029 3297 1235 3361 coniunctum
1258 3300 1306 3360 est
1331 3296 1383 3382 (of.
1406 3297 1470 3364 Mil.

172 3399 250 3480 glor.
279 3400 384 3483 1344),
408 3400 492 3463 infra
513 3401 740 3463 tractabuntur
763 3399 847 3484 (cap.
860 3400 942 3477 XIV,
960 3401 1000 3484 1).
1034 3401 1120 3466 Rud.
1145 3402 1208 3465 657
1233 3404 1264 3463 et
1287 3399 1370 3466 Men.
1397 3401 1468 3478 156,

173 3523 256 3584 quae
291 3503 440 3585 exempla
472 3523 571 3585 supra
607 3505 650 3588 (p.
686 3503 736 3587 18)
771 3504 1007 3582 tractabantur,
1039 3504 1137 3567 etiam
1167 3523 1206 3567 ex
1237 3503 1471 3566 allitterationis

171 3607 278 3671 studio
310 3607 550 3671 excusationem
576 3607 707 3672 habent.
753 3606 841 3672 Trin.
871 3610 980 3670 autem
1008 3627 1036 3672 v.
1068 3607 1132 3670 436
1152 3627 1199 3687 sq.
1231 3605 1470 3669 observandum

173 3715 221 3774 est
238 3713 337 3775 verba
358 3712 430 3776 Tibi
450 3712 556 3775 Philto
572 3731 670 3793 quarn
688 3710 844 3774 artissime
863 3710 1045 3775 cohaerere.
1085 3710 1218 3774 Talibus
1235 3708 1329 3789 igitur
1345 3709 1470 3772 omissis

171 3833 231 3895 pro
254 3814 324 3896 lege
346 3814 518 3878 habeatur:
554 3815 750 3878 obiectum
772 3813 810 3876 in
832 3815 1116 3894 insequentem
1138 3831 1305 3876 versum
1327 3816 1468 3875 trans-

171 3917 299 3981 latum
342 3937 439 3982 voce
485 3923 553 3982 aut
597 3914 858 3999 trisyllaba2)
903 3919 976 3979 aut
1020 3914 1286 3999 polysyllaba
1329 3914 1469 3978 solere

173 4021 295 4087 effici.

262 4245 268 4284 ι

258 4246 280 4400 23
308 4245 347 4385 gi
366 4245 554 4399 {ilrilpirpidqti
653 4329 776 4398 equidem
796 4346 846 4398 ego
865 4346 898 4383 ex
917 4335 942 4383 te
961 4329 1052 4382 audivi
1069 4334 1096 4382 et
1114 4345 1147 4382 ex
1165 4333 1212 4383 tua
1231 4329 1323 4396 accepi
1341 4344 1426 4381 manu

569 4417 695 4470 Pataram
722 4414 756 4482 sst
774 4416 860 4481 Mane,
879 4432 960 4469 mane
979 4416 1091 4468 obsecro
1106 4418 1140 4469 te.
