3286 5198
789 114 829 176 33

248 318 365 383 Pseud.
390 320 465 384 729:
500 318 599 383 Posse
633 320 748 401 opinor
782 340 834 385 me
859 321 946 385 'dare
978 321 1142 386 hominem
1177 323 1234 387 tibi
1269 323 1390 388 malum
1424 327 1457 389 et

577 422 720 501 doctum,
743 424 842 488 modo

498 524 559 602 Qui
582 528 602 588 a
623 529 716 608 patre
738 527 869 592 advenit
891 525 1035 610 Carysto.

250 628 314 694 Mil.
338 628 418 711 glor.
441 629 520 694 463:
609 629 666 694 sed
689 631 854 712 quomodo

553 732 791 799 Dissimulabat.

444 836 520 900 768:
608 856 685 902 nam
708 857 768 919 ego
791 837 899 902 inveni
921 838 1061 919 lepidam
1085 838 1328 921 sycophantiam

552 939 615 1019 Qui
634 940 842 1005 admutiletur
856 939 946 1004 miles
962 960 1064 1023 usque
1079 942 1274 1007 caesariatus
1297 947 1394 1025 atque
1411 943 1458 1007 uti

551 1041 634 1106 Huic
665 1042 787 1107 amanti
819 1061 857 1106 ac
889 1042 1125 1110 Philocomasio
1158 1045 1243 1110 hanc
1275 1046 1458 1111 ecficiamus

682 1145 820 1226 copiam.

424 1249 521 1313 1153:
568 1325 575 1348 Ι
608 1268 695 1313 nunc
717 1269 817 1331 quom
839 1269 991 1314 maxume

555 1351 658 1433 Opust
681 1351 771 1416 dolis.

424 1456 521 1520 1171:
610 1459 643 1519 et
664 1455 758 1520 simul

554 1558 706 1622 Formam
718 1559 948 1624 amoenitatem
957 1559 1049 1636 illius,
1061 1560 1177 1626 faciem
1188 1561 1459 1642 pulchritudinem

555 1660 787 1727 Cdnclaudato

425 1767 520 1829 1176:
608 1765 652 1828 ibi
674 1769 710 1829 tu
732 1765 804 1829 ilico

447 1885 448 1888 ’
554 1868 674 1944 Facito,
698 1869 744 1932 uti
766 1869 886 1947 venias

424 1974 522 2037 1331:
611 1973 686 2053 quia
709 1972 767 2036 abs
789 1978 821 2036 te
843 1971 922 2050 abit,
945 1971 1194 2057 animoma1e1)

555 2078 720 2141 Factumst
741 2075 816 2140 huic
838 2079 972 2157 repente
994 2076 1140 2140 miserae.

254 2179 441 2262 Sequuntur
463 2201 481 2244 e
502 2179 632 2262 reliquis
655 2179 770 2244 fabulis
794 2178 942 2260 exempla
964 2179 1093 2245 selecta.

254 2283 337 2350 Men.
364 2284 463 2348 1052:
594 2282 671 2364 quin
694 2282 792 2345 modo

485 2369 604 2466 diripui,
620 2385 768 2449 homines
786 2404 886 2466 quom
904 2383 1052 2448 ferebant
1070 2387 1102 2449 te
1119 2385 1278 2450 sublimen
1298 2388 1461 2467 quattuor.

368 2490 464 2554 1112:
596 2492 711 2569 postea

486 2566 573 2656 I'nter
594 2591 742 2655 homines
760 2610 812 2654 me
835 2589 983 2654 deerrare
1000 2610 1020 2653 a
1038 2593 1130 2671 patre
1148 2595 1246 2673 atque
1265 2592 1340 2656 inde
1359 2592 1461 2657 avehi.

368 2697 467 2760 1155:
599 2713 675 2776 ergo
698 2694 849 2758 nunciam

487 2799 541 2863 Vis
564 2797 759 2862 conclamari
781 2796 965 2861 auctionem
987 2797 1065 2861 fore.

256 2901 350 2967 Most.
374 2903 452 2967 276:
486 2877 550 2966 dbi
572 2902 671 2967 sudor
694 2920 767 2965 cum
790 2900 961 2982 unguentis
983 2919 1053 2964 sese
1076 2902 1280 2979 consociavit,
1304 2901 1374 2964 ilico

480 2981 594 3070 itidem
625 3006 728 3082 olent,
760 3005 852 3085 quasi
879 3023 978 3085 quom
1005 3023 1070 3068 una
1092 3004 1195 3068 multa
1222 3005 1291 3069 iura
1318 3004 1464 3069 confudit

584 3127 715 3190 coquos.

367 3214 463 3276 1108:
605 3211 728 3275 Dedisti
749 3211 857 3276 verba.
881 3209 916 3277 iss
938 3209 1000 3287 Qui
1022 3211 1176 3275 tandem?
1199 3210 1232 3279 tss
1254 3211 1361 3276 Probe

516 3313 591 3378 Med
615 3314 768 3379 emunxti.

260 3419 355 3484 Marc.
380 3419 457 3482 dod:
588 3417 673 3495 Quid
695 3416 885 3497 respondit?
907 3416 941 3483 iss
963 3417 1038 3480 llico

485 3495 657 3586 Occucurri
679 3523 776 3600 atque
798 3519 975 3600 interpello.

343 3622 454 3708 duob:
488 3623 585 3688 Poste
601 3623 732 3705 aspiciet
744 3627 776 3686 te
794 3622 942 3686 timidum
961 3643 1030 3687 esse
1042 3626 1139 3704 atque
1152 3623 1380 3703 exanimatum,
1393 3625 1464 3691 ilico

490 3727 664 3810 Retinebit,
687 3726 838 3807 rogitabit
856 3726 942 3790 unde
957 3726 1045 3790 illam
1062 3726 1186 3803 emeris
1209 3728 1321 3807 quanti
1340 3730 1464 3798 emeris.

345 3831 425 3896 659:
558 3833 684 3912 patrem
707 3833 805 3912 atque
826 3833 964 3893 matrem
987 3833 1023 3892 ut
1045 3847 1135 3892 meos
1163 3828 1318 3894 salutem:
1352 3836 1467 3914 postea

453 3933 544 3998 Ciam
567 3937 694 4014 patrem
716 3933 821 4014 patria
842 3932 904 3996 hac
926 3932 1085 4013 effugiam.

260 4072 280 4138 1)
307 4075 381 4127 Male
401 4073 406 4139 Ι
427 4074 565 4127 Factumot
586 4088 643 4125 non
662 4071 741 4124 debet
764 4069 848 4125 videri
871 4071 942 4124 iusto
967 4069 1115 4123 molestius.
1151 4070 1310 4125 Tenendum
1336 4073 1407 4127 enim
1426 4079 1468 4129 est

171 4162 241 4215 maie
259 4161 341 4213 etiam
359 4159 444 4213 artius
462 4175 524 4212 cum
543 4162 634 4212 animo
653 4157 873 4225 coniungendum
891 4172 1051 4224 essequam
1070 4172 1132 4209 cum
1149 4159 1287 4224 factumst.
1324 4157 1364 4212 Cf.
1384 4160 1466 4214 etiam

173 4245 295 4300 Brixium
313 4246 394 4302 adh.
412 4246 430 4302 l.

258 4331 280 4400 2)
306 4332 349 4386 Sic
371 4333 448 4386 locus
470 4332 498 4385 in
522 4332 600 4386 codd.
623 4335 766 4399 corruptus
789 4330 894 4384 videtur
916 4328 1098 4383 restituendus
1121 4344 1183 4381 cum
1206 4329 1282 4382 hiatu
1303 4329 1333 4383 in
1355 4346 1467 4384 caesura

170 4417 302 4486 legitim03
330 4400 434 4487 ospicio
458 4434 520 4471 cum
545 4433 599 4474 acc.
625 4433 647 4471 c.
670 4417 716 4470 inf.
742 4415 916 4470 coniunctum
940 4430 997 4468 non
1020 4414 1088 4467 adeo
1112 4413 1235 4478 offendit3
1264 4415 1467 4482 quodammodo

171 4505 350 4558 conferendus
368 4509 408 4556 est
425 4503 479 4556 Mil.
497 4502 562 4571 glor.
582 4519 606 4559 v.
624 4503 682 4566 174,
701 4502 747 4555 ubi
765 4506 882 4571 inspecto
901 4518 956 4555 acc.
976 4517 998 4553 c.
1016 4505 1084 4568 part.
1103 4499 1155 4553 sibi
1173 4499 1305 4565 adsciscit,
1323 4504 1350 4554 et
1367 4501 1466 4556 Bacch.

172 4589 232 4656 279,
252 4590 299 4644 ubi
317 4592 459 4660 conspicor
476 4604 538 4642 cum
556 4605 611 4645 acc.
631 4605 653 4641 c.
672 4589 719 4646 inf,
739 4588 921 4657 coniungitur.

1259 4690 1276 4742 3
