3286 5198
333 311 367 374 in
388 329 469 375 vers.
492 308 577 389 long.
1041 303 1074 366 in
1096 321 1200 367 senar.
1224 300 1321 366 iamb.

616 410 642 475 1.
676 428 795 473 voces
819 407 998 472 creticae.

381 515 453 579 ilico
476 514 534 598 4¹)
1058 509 1129 573 ilico
1153 509 1172 572 3

381 622 497 700 postea
519 619 538 682 ἓ
1104 650 1144 658 -

383 722 510 806 (postea
531 718 629 804 intro)

382 822 534 888 antidhac
1059 818 1211 884 antidhac

383 926 554 990 commode

383 1029 499 1093 rectius

383 1133 534 1196 nunciam
624 1140 626 1144 ’

1060 1233 1188 1296 interim

1061 1336 1198 1418 denique

1063 1439 1271 1502 commodum

1061 1545 1190 1606 strenue

1062 1649 1195 1727 optume

386 1751 552 1832 quomodo
1108 1786 1149 1796 -

426 1891 466 1900 -
1063 1852 1170 1917 sicine.

584 2008 638 2073 la.
673 2026 747 2071 vox
769 2006 1039 2088 anapaestica.

387 2127 483 2191 hodie
507 2127 552 2212 (in
575 2130 656 2207 sept.
680 2127 792 2211 iamb.)
1108 2165 1148 2174 -

168 2303 198 2367 b.
236 2302 335 2366 duae
358 2319 473 2364 voces
497 2299 677 2385 (monosyll.
701 2303 733 2364 et
755 2299 866 2383 iamb.)
894 2302 978 2363 arte
1002 2298 1225 2377 cohaerentes,
1259 2299 1374 2382 quibus
1405 2321 1468 2384 pes

643 2403 820 2467 creticus
843 2401 988 2468 efficitur.

340 2507 373 2570 in
394 2526 475 2573 vers.
499 2507 585 2590 long.
1038 2504 1071 2568 in
1093 2524 1197 2568 senar.
1221 2505 1317 2571 iamb.

390 2613 422 2673 et
444 2610 538 2674 simul
1110 2645 1150 2654 —

389 2716 425 2776 ut
447 2713 578 2794 quidem
588 2712 613 2796 ²)
1111 2748 1152 2757 -

432 2853 472 2862 -
1068 2833 1167 2896 quam
1190 2814 1253 2877 cito

431 2955 467 2964 —
1066 2937 1164 3000 quam
1187 2917 1241 2981 diu

390 3024 487 3102 atque
512 3020 556 3083 uti
1112 3059 1152 3066 —

628 3193 657 3258 3.
691 3211 768 3256 vox
790 3191 1008 3276 iambicai).

393 3311 492 3375 modo
515 3313 535 3374 b
1071 3313 1169 3377 modo

395 3414 479 3480 male
1115 3454 1155 3462 -

397 3517 499 3599 probe
661 3509 665 3516 ’
1113 3555 1155 3565 -—

434 3659 472 3667 —
1072 3622 1127 3685 ubi
1136 3621 1164 3705 4)

434 3762 472 3770 -
1069 3724 1145 3790 here

259 3843 467 3907 Memorabile
489 3843 567 3908 illud
589 3845 665 3909 mihi
692 3845 835 3921 videtur,
867 3843 955 3925 quod
981 3843 1171 3927 plerumque
1200 3850 1233 3912 et
1261 3847 1294 3910 in
1323 3846 1471 3912 versibus

173 3947 369 4028 longioribus
392 3949 424 4010 et
446 3946 479 4010 in
501 3947 633 4012 senariis
655 3947 800 4012 iambicis
822 3949 897 4010 ante
920 3945 1109 4010 adverbium
1132 3947 1350 4031 distinguitur:
1374 3949 1472 4031 igitur

174 4048 341 4129 respiratio
357 4050 444 4114 vocis
462 4049 496 4113 in
512 4049 560 4114 his
578 4050 730 4131 exemplis
750 4052 846 4113 ante
864 4049 963 4112 finem
980 4069 1091 4114 versus
1111 4053 1282 4116 statuenda
1299 4055 1356 4130 est,
1380 4054 1472 4134 quod

263 4220 284 4288 ι)
312 4221 444 4276 Numerus
460 4222 567 4276 additus
581 4222 722 4291 significat,
741 4221 867 4289 quotiens
879 4221 925 4274 ilia
940 4237 995 4276 vox
1009 4222 1037 4275 in
1049 4223 1186 4290 exemplis,
1201 4240 1271 4292 quae
1280 4224 1366 4292 posui,
1383 4229 1472 4291 extet;

179 4307 202 4361 si
219 4323 348 4361 numerus
367 4309 449 4372 deest,
467 4305 535 4362 ¹scito
554 4308 636 4362 semel
654 4314 753 4362 extare.

263 4390 285 4458 ²)
312 4393 512 4448 Econiectura

261 4475 284 4543 3)
311 4478 387 4532 Adde
405 4483 465 4547 cito,
484 4481 565 4548 quod.
584 4479 636 4533 Mil.
655 4480 721 4548 glor.
739 4480 790 4532 522
809 4484 835 4533 et
852 4480 905 4532 om
920 4478 950 4533 in
968 4496 1055 4534 senar.
1073 4479 1155 4533 iamb.
1174 4480 1213 4534 sic
1232 4487 1314 4536 extat.

261 4560 285 4624 ⁴)
315 4563 454 4618 Praeterea
471 4566 500 4619 in
518 4566 623 4620 cantico
642 4566 724 4619 seme]
743 4567 789 4619 edd
805 4567 852 4620 ubi
869 4565 898 4618 in
916 4565 970 4619 fine
988 4582 1089 4620 versus.
