3286 5198
741 142 896 240 —ao—

257 345 293 409 ln
322 346 440 410 talibus
469 347 555 411 enirn
586 348 739 430 exemplis
768 349 835 413 fere
870 349 1007 415 eandem
1039 349 1197 415 rationem
1231 351 1356 416 dicendi
1385 351 1464 416 mihi

172 449 285 514 videor
306 467 491 532 agnoscere,
514 471 579 533 qua
595 471 673 516 usus
688 452 823 517 Plautus
839 472 857 516 e
874 452 1068 534 quibusdam
1086 454 1251 519 sententiis
1267 455 1464 520 secundariis

172 553 351 618 subiectum
369 553 452 618 solet
468 555 660 636 antecapere
677 555 841 637 verboque
861 556 985 638 regenti
1000 556 1130 622 addere.
1167 556 1261 621 Velut
1279 555 1367 624 Trin.
1386 559 1462 623 373:

430 655 506 721 Scin
527 659 564 722 tu
584 656 704 723 illum
726 677 791 740 quo
814 677 931 740 genere
953 662 1069 741 gnatus
1093 659 1156 723 sit?
1446 728 1449 732 .

174 742 366 808 Conferatur
385 741 509 808 Brixius
532 743 575 808 ad
596 743 683 809 hunc
705 763 843 822 versum,
866 745 920 826 qui
942 745 1027 810 hanc
1049 745 1175 810 dicendi
1196 745 1356 811 rationem
1379 746 1463 812 bene

173 845 292 927 partim
314 845 386 910 usui
408 843 569 911 cotidiano
591 847 710 927 partim
733 846 929 912 Graecorum
951 847 1034 913 mori
1056 848 1208 930 loquendi
1231 849 1352 916 tribuit.

259 949 288 1015 h.
334 948 404 1014 Hac
426 949 631 1014 excusatione
654 954 765 1016 carent
787 950 909 1033 reliqua
931 951 1090 1033 exempla,
1112 970 1196 1033 quae
1219 956 1343 1017 extant:

519 1104 558 1170 A.
593 1104 631 1169 in
654 1105 831 1170 versibus
853 1105 1112 1188 longioribus.

257 1223 344 1290 Trin.
369 1225 448 1290 382:
483 1224 601 1289 Verum
631 1244 691 1308 ego
714 1225 845 1307 quando
879 1231 911 1290 te
934 1229 965 1290 et
988 1226 1160 1291 amicitiam
1195 1229 1226 1290 et
1261 1229 1397 1311 gratiam
1430 1229 1463 1293 in

568 1332 714 1394 nostram
737 1329 870 1394 domum

481 1431 582 1496 Video
605 1431 757 1510 adlicere,
786 1433 844 1497 esti
867 1433 1059 1498 advorsatus
1081 1433 1138 1498 tibi
1160 1433 1220 1512 fui,
1243 1435 1323 1502 istac
1345 1437 1462 1505 iudico.

352 1534 448 1600 1145:
483 1533 555 1599 Neri
563 1535 633 1618 quis
641 1555 708 1599 rem
717 1536 821 1617 ipsam
829 1535 1140 1618 possetintellegere,
1152 1537 1363 1604 thensaurum
1371 1544 1463 1605 tuom

481 1637 533 1710 Me
555 1658 625 1703 esse
647 1658 756 1720 penes,

258 1739 319 1807 Mil.
343 1739 422 1823 glor.
447 1742 526 1806 238:
560 1725 605 1806 [it
636 1741 873 1806 Philocomasio
913 1742 975 1806 huc
1014 1763 1159 1808 sororem
1192 1745 1354 1827 geminam
1389 1766 1461 1829 ger·

636 1866 770 1911 manem
792 1845 928 1911 alteram

563 1949 674 2014 Dicam
696 1949 832 2013 Athenis
854 1949 1031 2015 advenisse.

438 2053 532 2138 (2462
562 2053 634 2116 vide
656 2052 739 2117 infra
761 2071 830 2134 cap.
854 2051 907 2129 IX,
936 2052 975 2135 l.)

450 2159 530 2222 618:
561 2157 612 2221 Me
635 2156 692 2220 tibi
713 2155 794 2219 istuc
817 2156 931 2220 aetatis
953 2156 1078 2221 homini
1100 2157 1244 2223 facinora
1266 2158 1400 2241 puerilia

566 2235 709 2326 Obicere.

451 2365 531 2429 775:
561 2348 641 2428 Erus
663 2382 755 2426 meus
781 2361 827 2426 ita
856 2380 990 2443 magnus
1012 2363 1167 2429 moechus
1189 2364 1403 2444 mulierumst,
1426 2370 1463 2431 ut

649 2465 812 2529 neminem

563 2570 673 2634 Fuisse
695 2588 800 2651 neque
823 2568 966 2633 futurum
989 2569 1085 2633 credo
1109 2569 1160 2654 (cf.
1173 2590 1205 2652 p.
1221 2571 1284 2656 19).

431 2673 531 2737 1031:
687 2671 857 2736 lamentari

562 2777 617 2840 Ait
646 2775 732 2841 illam
761 2775 913 2840 miseram
940 2774 1073 2839 cruciari
1103 2779 1136 2839 et
1164 2775 1398 2842 lacrumantem
1426 2797 1460 2842 se

648 2879 822 2943 adflictare.

256 2980 303 3049 Cf.
327 2982 414 3049 Trin.
438 2983 511 3048 666.
536 2984 609 3048 682.
637 2984 728 3047 1017.
755 2983 846 3048 1139.
893 2982 956 3048 Mil.
980 2982 1059 3065 glor.
1086 2984 1178 3050 1169.
1204 2984 1296 3049 1196.

561 3138 597 3204 B.
631 3139 670 3202 in
692 3137 859 3203 senariis
881 3137 1069 3205 iambicis

254 3258 343 3323 Trin.
366 3259 446 3323 435:
477 3260 575 3324 Erum
599 3262 697 3341 atque
720 3278 846 3323 servom
870 3259 1056 3340 plurumum
1078 3258 1184 3324 Philto
1207 3259 1295 3324 iubet

479 3361 620 3440 Salvere,
643 3362 857 3428 Lesbonicum
879 3366 911 3427 et
933 3362 1118 3428 Stasimum.

254 3465 369 3533 Pseud.
393 3468 475 3531 430:
508 3465 594 3531 Nam
615 3465 714 3530 istaec
736 3486 819 3548 quae
841 3465 899 3529 tibi
921 3464 1155 3543 renuntiantur,
1179 3464 1280 3529 lilium

508 3568 555 3634 Te
577 3569 659 3633 velle
682 3571 848 3633 amantem
869 3572 1003 3650 argento
1027 3568 1274 3634 circumducere.

396 3673 475 3737 438:
508 3673 670 3737 Probrrim
698 3676 825 3754 patrem
855 3692 925 3736 esse
948 3674 1086 3753 oportet,
1117 3671 1172 3753 qui
1200 3673 1334 3753 gnatum
1364 3689 1460 3735 suom

512 3777 590 3840 Esse
611 3776 795 3857 probiorem
819 3794 918 3858 quam
939 3775 1027 3856 ipsus
1049 3774 1144 3839 fuerit
1165 3774 1315 3856 postulet.

395 3881 476 3945 447:
633 3879 719 3943 hunc
742 3897 801 3961 ego

514 3983 616 4065 Cupio
640 3982 822 4048 excruciari.

254 4084 300 4152 cf.
335 4085 421 4152 Trin.
457 4087 530 4153 455.
564 4086 638 4151 466.
672 4086 746 4151 497.
781 4087 855 4154 5a0.
886 4086 958 4151 736.
1015 4084 1131 4149 Pseud.
1167 4085 1237 4150 104.
1266 4085 1339 4149 410.
1393 4082 1459 4149 Mil.

166 4189 245 4272 glor.
268 4190 342 4256 486.
369 4190 461 4256 1284.

252 4292 354 4356 Attuli
376 4292 471 4375 igitur
493 4291 711 4374 duodeviginti
734 4292 866 4377 (novem
889 4310 906 4355 e
925 4291 1069 4356 versibus
1089 4290 1287 4373 longioribus
1309 4289 1459 4354 totidem-

167 4416 229 4478 que
259 4416 277 4460 e
304 4396 436 4460 senariis
465 4395 615 4480 repetita)
645 4394 801 4476 exempla,
835 4393 890 4458 ubi
913 4394 1085 4459 accusativi
1108 4413 1181 4459 curn
1203 4392 1360 4457 infinitivo
1383 4411 1458 4457 con·

166 4499 298 4565 structio
321 4499 446 4581 integra
467 4517 526 4564 suo
549 4517 644 4563 versu
666 4501 721 4562 aut
744 4496 905 4562 antecedit
927 4499 982 4562 aut
1012 4498 1155 4580 sequitur
1176 4496 1312 4561 verbum
1334 4516 1457 4579 regens.

166 4601 287 4666 Tricies
326 4602 425 4667 semel
458 4620 535 4667 vero
574 4620 639 4667 acc.
683 4621 709 4666 c.
745 4600 800 4667 inf.
840 4600 1113 4666 constructionem
1144 4618 1239 4664 versu
1272 4599 1457 4666 dissecatur.
