3286 5198
738 186 891 281 ,ἕὲ-

171 394 367 458 Buechelero
384 393 506 456 illatam
521 393 658 458 reiciam.
703 391 777 456 Una
799 390 898 455 modo
920 408 999 454 voce
1021 390 1217 471 transposita
1239 392 1295 453 aut
1316 388 1464 470 legamus
1533 377 1537 383 ’

171 516 244 560 cum
266 497 357 561 hiatu
378 497 412 559 in
435 496 582 560 diaeresi:

328 598 411 663 Filiis
433 602 621 680 propterte
644 599 770 662 obiecta
790 601 945 662 innocens
967 617 1040 660 sum
1061 595 1165 662 Nerei.

172 706 227 767 aut
257 703 396 766 formam
425 702 476 766 ted
504 702 703 768 inducamus.
762 700 859 766 Plura
892 699 1090 780 transposuit
1119 699 1193 765 Luc.
1227 698 1398 763 Muellerus
1428 699 1461 761 in

172 806 254 871 Enni
277 806 351 870 edit.
374 807 419 870 sic
441 805 598 869 scribens:

326 884 484 973 lnnocens
506 912 693 990 propterte
715 908 841 973 obiecta
863 907 934 971 filiis
956 927 1028 970 sum
1044 905 1148 986 Nerei.
1264 924 1269 933 ’

348 1013 417 1077 102.
557 1012 694 1096 ¹circum
716 1031 785 1076 sese
807 1016 901 1075 urvat
923 1010 965 1074 ad
987 1009 1096 1091 pedes
1119 1013 1205 1074 terra
1228 1009 1344 1073 occulit

435 1114 549 1195 Caput.

170 1217 222 1282 Sic
245 1217 344 1282 edidit
365 1217 560 1282 Ribbeckius
582 1218 670 1295 falsa,
693 1223 729 1282 ut
751 1221 841 1300 puto,
865 1215 1069 1297 discriptione
1091 1235 1176 1282 usus.
1222 1214 1307 1292 Quid
1330 1215 1396 1279 fere
1421 1215 1463 1278 sit

170 1320 410 1401 reponendum,
441 1341 515 1385 curn
538 1321 714 1385 admodum
736 1321 777 1385 sit
805 1320 951 1396 dubium,
982 1319 1090 1382 locum
1118 1319 1150 1382 in
1173 1319 1280 1382 medio
1303 1317 1460 1400 relinquo

345 1425 415 1488 197.
451 1424 565 1488 Plebes
586 1426 620 1489 in
642 1426 705 1488 hoc
726 1425 792 1507 regi
815 1423 947 1488 antistat
968 1421 1058 1485 loco:
1081 1412 1155 1486 licet

450 1527 642 1592 Lacrumare
663 1527 759 1608 plebi,
783 1527 848 1609 regi
870 1526 1005 1590 honeste
1027 1545 1094 1589 nou
1116 1525 1199 1589 licet.

170 1629 264 1693 Hanc
282 1629 428 1693 codicum
446 1632 637 1712 scripturam
655 1631 686 1695 in
704 1635 794 1695 textu
813 1631 950 1694 servavit
966 1629 1171 1694 Ribbeckius.
1216 1628 1281 1694 Sed
1300 1627 1461 1691 diiambus

172 1733 204 1797 in
227 1728 300 1797 fine
314 1733 374 1814 ipsi
396 1733 429 1796 in
452 1734 620 1798 corollario
643 1734 726 1797 adeo
749 1733 916 1814 displicuit,
939 1736 975 1796 ut
997 1732 1092 1796 scribi
1114 1732 1255 1796 iuberet:
1365 1778 1369 1789 ,

198 1880 200 1885 -
325 1835 439 1901 Plebes
461 1837 494 1901 in
516 1838 578 1901 hoc
600 1838 666 1919 regi
688 1837 837 1901 antistat:
859 1836 946 1917 large
968 1837 1040 1901 licet

325 1939 506 2005 Lacrimare
527 1941 623 2023 plebi,
646 1940 714 2022 regi
735 1940 870 2003 honeste
892 1960 960 2004 non
981 1941 1063 2006 licet.

260 2042 325 2107 Sed
346 2042 420 2106 vide
443 2046 565 2125 quanta
591 2044 665 2107 insit
686 2044 733 2107 vis
755 2043 855 2107 verbo
885 2045 953 2108 lice-t
974 2044 1006 2108 in
1028 2044 1093 2107 tine
1115 2042 1229 2125 prioris
1245 2061 1356 2106 versus
1386 2041 1464 2105 soli

171 2146 328 2223 exhibito,
357 2146 408 2210 cui
439 2147 560 2228 optime
590 2146 668 2210 illud
698 2146 834 2210 alterum
857 2149 925 2211 licet
955 2149 987 2210 in
1022 2147 1151 2210 alterius
1180 2144 1245 2208 fine
1270 2146 1463 2227 respondet.

170 2248 245 2312 Non
266 2269 335 2330 par,
358 2250 415 2312 sed
438 2249 539 2313 simile
562 2249 744 2331 exemplum
767 2250 899 2315 memini
921 2255 1030 2314 extare
1051 2249 1155 2313 Plaut.
1180 2247 1272 2330 Capt.
1297 2249 1377 2311 764:

326 2351 468 2435 Sequere
490 2354 567 2417 hac:
591 2353 767 2417 redducam
789 2357 821 2416 te
843 2353 898 2416 ubi
922 2353 1014 2418 fuisti.
1039 2352 1174 2416 neminis

325 2455 475 2521 Miserere
498 2460 660 2533 certumst,
684 2457 759 2538 quia
781 2456 844 2520 mei
867 2457 996 2520 miseret
1017 2455 1189 2519 neminem.

255 2559 370 2642 Itaque
392 2579 504 2624 versus
527 2559 740 2624 constituendi
762 2564 837 2623 sunt
859 2560 891 2622 in
913 2560 999 2623 hunc
1020 2559 1169 2622 modum:

325 2663 441 2727 Plebes
462 2664 525 2726 hoc
547 2663 613 2744 regi
636 2663 767 2726 antistat
789 2664 822 2726 in
843 2662 932 2726 luctu
948 2662 991 2745 ¹):
1014 2662 1086 2726 licet

325 2767 518 2830 Lacrumare
539 2765 635 2846 plebi,
659 2765 726 2847 regi
747 2766 882 2830 honeste
905 2786 972 2830 non
993 2765 1076 2828 licet.

260 2871 338 2935 199:
363 2868 608 2949 Astrologorum
629 2868 720 2948 signa
741 2869 774 2931 in
797 2870 886 2933 caelo
910 2869 1043 2951 quaesit,
1067 2868 1218 2931 observat
1239 2867 1332 2944 lovis,

207 2971 211 2977 ’
360 2971 442 3035 Cum
465 2990 563 3051 capra
585 2974 641 3034 aut
670 2989 754 3050 nepa
784 2975 840 3035 aut
867 2973 1008 3036 exoritur
1030 2990 1162 3035 momen
1184 2970 1315 3052 aliquod
1339 2971 1462 3035 beluae.

171 3074 240 3151 Sic,
270 3078 366 3155 put0,
394 3093 526 3155 prorsus
554 3092 684 3135 necesse
708 3076 755 3135 est
782 3074 990 3156 distinguere,
1019 3094 1103 3150 non,
1126 3077 1162 3137 ut
1188 3073 1325 3138 editores
1347 3074 1463 3151 solent,

171 3181 246 3241 ante
269 3176 362 3240 Iovis.
414 3174 531 3238 Utrum
564 3194 637 3238 cum
670 3177 761 3259 sipon
794 3177 1053 3259 coniungendum
1075 3177 1114 3241 sit
1136 3176 1236 3254 Iovis,
1272 3178 1399 3258 qua-in
1427 3197 1462 3242 re

44 3306 46 3311 ¹
171 3279 327 3344 mirabilis
350 3282 433 3342 esset
456 3277 575 3358 duplex
598 3278 772 3358 genetivus,
796 3299 838 3342 an
862 3299 934 3343 cum
952 3282 1046 3358 coelo,
1063 3279 1230 3361 paululum
1249 3281 1378 3357 dubit03
1399 3280 1462 3344 boc

171 3385 282 3446 tamen
303 3381 423 3444 malim.

258 3485 331 3547 245.
463 3483 540 3546 mihi

358 3586 523 3662 Ausculta,
546 3591 637 3651 nate:
660 3608 778 3669 pueros
799 3589 873 3653 iube
897 3590 1076 3655 cremarier.

171 3689 257 3753 Talis
284 3687 506 3752 Ribbeckiana
539 3690 700 3772 discriptio
734 3712 900 3769 versuum,
934 3693 994 3755 nisi
1022 3692 1170 3756 voculam
1200 3693 1342 3776 aliquam
1365 3693 1405 3778 (e.
1433 3713 1465 3775 g.

172 3800 209 3874 et,
232 3795 307 3873 iam,
330 3794 423 3854 trumo
447 3791 520 3873 etc.)
550 3797 626 3856 ante
647 3795 724 3857 miti
747 3795 899 3858 excidisse
930 3796 1138 3859 statuendum
1161 3801 1219 3873 est,
1242 3795 1317 3860 ferri
1339 3795 1464 3878 nequit.

173 3894 304 3958 Cautius
327 3895 421 3974 igitur
444 3913 516 3958 cum
539 3897 652 3959 Vossio
675 3898 812 3961 scribas:

327 3995 370 4058 Mi
392 3998 546 4074 ausculta,
570 4003 661 4062 nate:
687 4019 804 4080 pueros
826 4002 900 4064 iube
922 4002 1102 4065 cremarier.

259 4101 333 4163 350.
358 4099 424 4162 Sibi
447 4101 533 4163 unde
553 4102 664 4182 populi
688 4106 719 4165 et
742 4122 832 4184 reges
855 4104 1021 4169 consilium
1044 4109 1208 4186 expetunt,

362 4201 568 4265 Summarum
591 4224 699 4268 rerum
721 4205 842 4283 incerti,
866 4225 947 4288 quos
970 4227 1029 4288 ego
1054 4228 1116 4288 ope
1139 4228 1212 4272 mea

360 4303 415 4366 Ex
437 4304 614 4369 incertis
638 4310 741 4370 certos
765 4313 996 4390 compotesque
1020 4311 1130 4374 consili

361 4407 504 4484 Dimitto,
528 4412 564 4471 ut
586 4428 627 4472 ue
649 4429 699 4472 res
722 4413 842 4474 temere
864 4417 1002 4476 tractent
1025 4413 1179 4477 turbidas

263 4627 283 4695 ¹)
311 4631 384 4682 tuctu
402 4630 466 4683 Luc.
484 4631 634 4697 Muellerus
653 4636 709 4688 loeo
727 4635 805 4687 codd.
