3286 5198
740 1008 994 1228 vica.

329 1475 416 1530 Natus
434 1493 496 1530 sum
513 1475 643 1530 Aemilius
661 1476 810 1531 Guilelmus
827 1476 947 1545 Appuhn
965 1475 1148 1528 Hannoverae
1165 1487 1239 1525 anno
1254 1468 1442 1522 MDCCCLXX
1461 1485 1487 1521 a.
1497 1467 1526 1524 d.

226 1578 270 1635 Vl,
287 1578 346 1631 Kal.
365 1577 424 1632 Oct.
447 1584 524 1646 patre
546 1579 661 1632 Ernesto
685 1584 773 1633 matre
796 1578 928 1632 ltatbilda
952 1582 1065 1645 egente
1082 1577 1199 1639 Uellner‚
1226 1591 1296 1643 quos
1317 1573 1411 1649 adhuc
1431 1571 1526 1625 rivere

226 1681 340 1749 gaudeo.
376 1681 450 1734 Fidei
468 1682 592 1736 addictus
610 1699 672 1735 sum
690 1681 870 1749 evangelicae.
914 1681 1112 1735 Mandaverunt
1129 1696 1173 1733 me
1190 1683 1316 1746 parentes
1333 1675 1426 1744 primo
1446 1692 1525 1743 gym-

227 1785 305 1839 nasio
323 1785 388 1837 reali
404 1784 416 1836 Ι
435 1784 509 1852 quod
526 1784 627 1849 dicunt,
651 1785 707 1839 fere
730 1784 849 1853 quinque
873 1784 953 1838 annis
971 1789 1034 1853 post
1051 1781 1193 1852 gymnasio
1211 1781 1299 1848 Lyceo
1314 1779 1335 1832 l.
1369 1778 1442 1831 Inde
1459 1794 1528 1831 vere

227 1888 292 1942 anni
310 1887 554 1941 nocccnxxxlx
572 1889 735 1942 maturitatis
753 1871 908 1942 testimonio
925 1888 1073 1941 instructus
1087 1885 1244 1952 cornugam
1263 1881 1386 1949 ungravi
1404 1881 1456 1934 un
1475 1897 1529 1950 per

227 1989 314 2043 sexies
344 2006 392 2043 sex
417 1986 525 2044 menses
557 2007 668 2058 operam
696 1967 796 2045 dabam
822 1993 919 2046 studiis
944 1992 1097 2061 philologis.
1148 1989 1188 2042 lbi
1216 2005 1260 2041 me
1286 1988 1443 2041 docuerunt
1472 1986 1526 2039 riri

227 2092 376 2145 doctissimi
400 2093 575 2147 Baumann
600 2094 741 2148 Bechtel
765 2096 878 2164 Heyne
902 2097 969 2149 Leo
991 2095 1123 2149 Roethe
1145 2095 1283 2160 Sauppe
1299 2091 1339 2144 de
1356 2090 1527 2144 Wilamo·

228 2195 569 2249 witz-Muellendorf.
611 2197 723 2250 Interfui
749 2200 946 2267 pmseminario
976 2217 1009 2253 ac
1036 2197 1181 2252 seminario
1208 2193 1368 2250 Germanico
1400 2199 1431 2247 et
1461 2209 1526 2263 pro·

227 2298 373 2353 seminario
398 2298 546 2368 philologo.
586 2299 629 2353 Ad
646 2301 734 2354 Plauti
757 2302 877 2357 studium
895 2303 999 2371 primus
1020 2318 1064 2355 me
1084 2301 1245 2354 adhortatus
1266 2302 1308 2350 est
1326 2296 1528 2350 Fridericus

227 2403 298 2455 Leo.
325 2401 394 2456 Tum
412 2401 467 2455 adii
484 2401 586 2454 almam
599 2407 714 2458 matrem
724 2405 953 2475 blarpurgensem3
971 2405 1018 2458 ubi
1033 2403 1125 2458 audivi
1140 2403 1213 2456 viros
1227 2399 1401 2454 doctissimos
1415 2395 1526 2467 Berg-

228 2522 330 2559 mann
354 2505 430 2559 Birt
448 2505 564 2558 Coben
583 2506 760 2561 Dieterich
783 2509 924 2563 Koester
949 2507 1144 2563 Schroeder
1169 2505 1208 2556 de
1225 2502 1326 2571 Sybel
1343 2502 1526 2556 Wissowa.

229 2607 336 2662 Sodalis
353 2608 507 2661 ordinarius
525 2625 600 2662 eram
615 2610 753 2664 seminarii
770 2612 908 2679 philologi.
928 2613 1000 2680 quod
1019 2615 1078 2664 lum
1095 2607 1307 2662 moderabantur
1320 2605 1527 2660 Theodorus

229 2712 366 2764 Bittius
393 2716 420 2764 ct
446 2711 611 2780 Georgius
635 2713 814 2780 Wissowa,
847 2732 895 2782 per
917 2715 959 2768 bis
981 2731 1029 2768 sex
1053 2729 1168 2776 menses,
1200 2709 1337 2764 seminarii
1360 2710 1527 2772 Germanici,

229 2816 303 2883 quod
326 2815 378 2868 sub
401 2816 530 2883 auspiciis
551 2816 701 2870 Eduardi
721 2818 920 2872 Schroederi
943 2823 970 2871 et
987 2816 1123 2871 Alberti
1142 2813 1299 2868 Koesteri
1323 2812 1448 2875 florebat,
1476 2829 1528 2881 per

231 2925 270 2972 ter
284 2936 332 2973 sex
346 2936 460 2973 menses
488 2919 619 2973 Plautinis
637 2920 705 2974 meis
718 2921 805 2974 studis
818 2921 934 2988 benigne
947 2921 1015 2975 favit
1027 2918 1230 2972 Theodorus
1248 2915 1391 2980 Birtius,
1409 2915 1459 2985 qui
1477 2915 1527 2969 ubi

230 3022 400 3087 aberrabam
419 3022 454 3076 ad
472 3027 575 3075 rectam
594 3023 666 3076 viam
684 3039 728 3076 me
746 3025 899 3078 revocabat.
942 3023 1076 3077 Omnibus
1094 3022 1161 3075 meis
1179 3019 1402 3089 praeceptoribus
1421 3019 1528 3087 gratias

231 3141 282 3192 ago
301 3143 442 3179 maximas.
