3286 5198
574 337 610 401 B.
646 336 684 400 in
706 335 872 401 senariis
893 335 1082 401 iambicis

264 455 380 519 Pseud.
405 455 464 536 75:
620 475 687 520 non
709 476 793 538 queo

481 559 672 625 Lacrumam
696 562 886 624 exorarent
909 563 1052 640 expuant
1073 578 1173 622 unam
1197 558 1305 624 modo

404 663 461 727 88:
616 663 726 727 restim
747 663 822 727 volo

480 765 556 830 Mihi
579 769 695 831 emere.

264 869 327 933 Mil.
351 861 430 950 glor.
456 870 555 934 1095:
711 889 788 934 nam
810 869 908 934 nullo.
932 873 1028 952 pacto
1051 871 1160 950 potest

572 973 664 1037 Prius
686 972 767 1036 haec
785 972 818 1035 in
841 973 929 1037 aedis
951 973 1049 1055 recipi
1072 992 1170 1054 quam
1185 971 1273 1035 illam
1295 972 1467 1037 amiserim.

265 1072 312 1139 cf.
336 1075 452 1142 Pseud.
476 1076 550 1142 lau.
575 1077 649 1140 504.
672 1077 745 1141 808.
769 1077 843 1142 870.

263 1178 353 1243 Haec
375 1178 522 1261 exempla
544 1180 801 1261 quattuordecim
813 1180 951 1264 (septem
966 1200 983 1244 e
997 1199 1078 1245 vers.
1090 1178 1176 1260 long.
1188 1181 1286 1261 atque
1297 1179 1433 1245 totidem
1450 1200 1469 1244 e

177 1281 309 1346 senariis
339 1282 485 1367 collecta)
520 1283 659 1346 offerunt
693 1283 838 1360 fabulae,
872 1283 928 1348 ubi
960 1283 1097 1347 verbum
1129 1281 1290 1346 infinitum
1319 1302 1339 1347 a
1367 1284 1467 1349 verbo

177 1386 300 1467 regenti
321 1386 475 1450 avellitur.
526 1385 621 1463 Quod
644 1391 753 1451 autem
781 1387 899 1451 horum
921 1385 1142 1468 exemplorum
1170 1385 1301 1449 dimidia
1322 1405 1398 1466 pars
1421 1390 1469 1452 est

176 1488 263 1566 talis,
292 1493 330 1553 ut
359 1489 494 1553 verbum
517 1489 667 1554 auxiliare
684 1511 816 1574 possum
837 1490 888 1554 vel
912 1489 1035 1575 (semel)
1066 1509 1143 1575 queo
1165 1507 1293 1569 semper
1314 1492 1468 1571 negatum

177 1595 233 1655 aut
263 1592 412 1674 negativo
441 1612 537 1657 sensu
570 1593 712 1674 positum
742 1597 829 1657 extet
860 1593 1014 1678 (itemque
1043 1592 1119 1658 alibi
1147 1591 1274 1673 saepius
1303 1596 1348 1675 ut}
1372 1592 1465 1660 Most.

176 1695 249 1762 459.
273 1696 347 1761 573.
371 1697 462 1780 837),
497 1696 615 1778 partim
639 1696 820 1760 declaratur
841 1697 931 1761 verbi
953 1697 998 1773 vi,
1030 1715 1113 1778 quae
1135 1694 1207 1759 talis
1230 1697 1293 1772 est,
1316 1698 1352 1759 ut
1375 1695 1467 1760 iacile

176 1797 382 1880 negationem
412 1798 588 1878 desideret,
621 1799 739 1881 partim
768 1800 854 1864 casui
883 1799 1090 1865 tribuendum
1113 1800 1175 1875 est3
1206 1817 1284 1862 nam
1306 1798 1397 1876 alibi,
1431 1802 1468 1862 ut

177 1900 269 1983 Capi.
293 1903 345 1966 88.
372 1903 442 1968 100.
469 1903 538 1967 176
558 1903 653 1968 etiam
677 1923 697 1966 a
718 1903 818 1967 verbo
843 1925 975 1989 possum
1004 1904 1111 1988 (queo)
1140 1900 1330 1965 affirmative
1361 1902 1467 1983 posito

176 2004 311 2069 verbum
333 2004 493 2070 inlinitum
516 2007 699 2089 seiungitur.

180 2211 227 2294 lv.
262 2212 451 2309 vocabula,
470 2213 597 2313 quibus
617 2215 728 2309 locus,
753 2216 903 2314 ternpus,
929 2214 1066 2308 nodus,
1084 2231 1208 2307 causa,
1235 2213 1466 2293 instrumenta

177 2351 336 2434 uncoque
363 2337 446 2413 sunl
469 2335 562 2437 talia
587 2334 832 2434 significantur
859 2353 925 2415 nac
952 2353 1019 2415 non
1039 2333 1183 2414 ablativi
1208 2332 1363 2412 absoluti
1382 2353 1467 2414 con·

412 2455 563 2535 structio
591 2475 615 2534 a
641 2456 779 2556 reliqua
806 2456 986 2535 sententia
1011 2457 1235 2553 separantur.

516 2593 555 2658 A.
590 2592 630 2656 in
652 2592 839 2656 versibus
861 2590 1120 2673 longioribus

260 2727 348 2793 Trin.
371 2729 449 2794 604:
483 2730 567 2808 Quoi
588 2730 711 2795 homini
734 2729 929 2810 despondit?
952 2727 986 2795 iss
1008 2725 1136 2810 Lysiteli
1157 2725 1314 2791 Philtonis
1336 2728 1411 2805 filio,

480 2833 556 2898 Sine
568 2834 653 2899 dote.
666 2834 699 2902 ssi
712 2832 788 2897 Sine
800 2833 876 2896 dote
887 2831 939 2896 ille
951 2831 1038 2895 illam
1049 2831 1082 2893 in
1098 2832 1206 2895 tantas
1218 2829 1341 2894 divitias
1354 2830 1466 2894 dabit?

369 2936 447 3001 609:
635 2940 750 3000 tanton
773 2936 805 2999 in
827 2955 862 2999 re
884 2935 1011 3017 perdita

481 3039 587 3117 Quam
609 3042 641 3103 in
664 3059 699 3103 re
721 3039 810 3104 salva
833 3037 1028 3103 Lesbonicus
1050 3037 1154 3101 factus
1176 3039 1225 3100 est
1246 3035 1407 3118 frugalior.

369 3143 446 3207 623:
637 3143 730 3207 celeri
752 3143 854 3224 gradu

475 3248 560 3310 Eunt
582 3251 726 3327 uterque.
809 3254 813 3259 ’

367 3349 446 3415 83οε
634 3369 711 3413 nam
734 3353 856 3431 apsque
879 3350 1026 3428 taretia,
1049 3353 1099 3415 sat
1121 3354 1185 3415 scio
1209 3350 1242 3413 in
1264 3349 1330 3413 alto

475 3452 703 3516 Distraxissent
719 3452 831 3534 disque
849 3452 996 3517 tulissent
1014 3453 1165 3518 satellites
1181 3453 1227 3516 tui
1244 3472 1298 3515 me
1313 3452 1466 3515 miserum

637 3555 739 3622 foede.

259 3659 306 3726 cf.
319 3680 370 3727 vv.
383 3662 456 3727 303.
477 3660 549 3726 346.
570 3661 642 3724 618.
661 3660 733 3725 645.
754 3660 824 3725 713.
842 3659 915 3723 872.
934 3660 1006 3726 ull.
1030 3660 1121 3725 1013.
1144 3659 1236 3724 1017.
1259 3658 1349 3724 1018.
1373 3658 1463 3723 1089.

258 3763 348 3828 Haec
366 3763 515 3845 exempla
533 3763 565 3826 in
581 3782 647 3826 uno
659 3763 849 3826 Trinummo
868 3763 901 3825 in
913 3763 1057 3826 versibus
1072 3761 1270 3842 longioribus
1282 3765 1463 3826 occurrunt.

173 3866 358 3949 Sequuntur
380 3887 398 3932 e
420 3867 581 3931 Pseudolo
610 3871 642 3929 et
664 3866 727 3932 Mil.
750 3865 830 3948 glor.
858 3869 889 3929 et
920 3866 947 3929 si
975 3865 1051 3946 quid
1080 3864 1156 3928 novi
1184 3866 1309 3928 ceterae
1336 3864 1465 3929 fabulae

172 3970 312 4034 afferunt
335 3970 454 4034 selecta
474 3969 568 4034 haec:

258 4072 374 4138 Pseud.
400 4074 497 4137 1173:
687 4076 844 4155 quotumo
868 4072 918 4136 die

516 4160 564 4239 E'x
586 4174 722 4260 Sicyone
744 4176 808 4240 huc
830 4175 1023 4257 pervenisti?

258 4281 321 4348 Mil.
345 4281 424 4363 glor.
451 4283 527 4345 173:
717 4280 758 4343 de
779 4278 894 4360 tegulis

559 4384 657 4447 Modo
675 4383 783 4447 nescio
800 4382 870 4464 quis
885 4381 1075 4463 inspectavit
1087 4385 1232 4446 vostrum
1249 4379 1462 4446 familiarium.

257 4470 320 4537 Mil.
344 4470 423 4553 glor.
448 4471 526 4536 alo:
632 4469 719 4551 apud
741 4474 773 4533 te
797 4488 852 4532 eos
874 4468 926 4532 hic
948 4468 1109 4532 devortier

559 4574 670 4637 Dicam
692 4572 842 4654 hospitio
