3286 5198
738 162 891 258 66

170 388 297 433 summo
320 370 387 432 iure
410 387 449 432 ex
472 369 595 449 optimo
618 368 728 432 codice
749 369 899 433 restituit:

568 471 689 552 ignovit
711 474 820 536 tamen

461 573 539 650 Sibi,
562 577 630 637 non
652 575 768 638 furori:
802 575 891 638 tonte
914 573 1072 656 Cinyphio
1096 624 1103 638 .
1129 626 1136 638 .
1162 629 1167 640 .

256 660 428 724 Praeterea
461 660 633 724 observare
662 661 745 737 licet,
782 660 816 724 id
844 660 932 742 quod
960 660 1103 725 Senecae
1129 659 1298 742 proprium
1323 659 1465 735 videtur,

171 782 267 826 voces
283 758 347 827 hoc
364 763 463 826 modo
478 763 511 826 in
530 763 666 826 alterum
683 782 812 827 versum
832 764 1014 839 translatas,
1033 763 1075 828 ad
1094 783 1225 828 sensum
1237 762 1325 844 quod
1335 762 1465 840 attinet,

170 886 237 930 non
259 866 358 931 semel
375 885 527 946 magnam
544 867 607 929 vim
625 866 756 943 habere,
780 866 846 930 iere
868 886 1030 948 nusquam
1047 869 1156 930 autem
1177 867 1265 930 omni
1283 866 1314 929 vi
1334 884 1464 929 carere:

170 970 257 1033 velut
286 970 410 1032 nullum
440 970 527 1051 apud
555 969 713 1034 Senecam
741 970 882 1034 invenies
914 970 1108 1050 exemplum,
1135 969 1190 1033 ubi
1219 970 1354 1033 verbum
1383 967 1465 1032 sub·

170 1073 345 1136 stantivum
367 1072 472 1135 solum
495 1072 586 1136 alteri
608 1073 713 1136 versui
735 1073 902 1137 inseratur.
937 1072 1039 1136 Huius
1060 1073 1106 1136 rei
1124 1092 1225 1136 unum
1243 1075 1354 1136 tamen
1373 1075 1467 1136 extat

171 1175 354 1256 exemplum
376 1174 408 1237 in
431 1175 495 1238 Ino.
519 1179 603 1239 auct.
626 1175 759 1240 Octavia
782 1177 860 1239 870:

571 1283 608 1343 ut
629 1298 671 1342 ne
693 1278 947 1360 inexpugnabilis

464 1380 565 1459 Esset,
588 1381 645 1446 sed
667 1401 779 1463 aegras
801 1381 963 1463 frangeret
985 1381 1067 1446 vires
1089 1383 1186 1447 timor

466 1485 523 1549 Vel
545 1488 662 1566 poena.

258 1587 362 1665 Vocis,
376 1608 459 1670 quae
470 1607 567 1652 sensu
583 1588 626 1651 ad
642 1587 865 1668 insequentem
881 1608 1011 1652 versum
1027 1589 1176 1670 pertinet,
1192 1589 1225 1652 in
1242 1589 1461 1653 antecedentis
1557 1616 1559 1622 ·

171 1691 236 1754 fine
257 1691 395 1755 extantis
411 1691 492 1755 haec
509 1692 656 1773 exempla
673 1690 751 1755 mihi
769 1692 835 1755 visa
851 1696 926 1755 sunt
949 1692 1134 1773 dignissima
1152 1711 1235 1773 quae
1253 1693 1462 1756 afferrentur:

257 1793 351 1857 Herc.
375 1794 434 1858 tur.
458 1795 533 1859 984:
664 1814 760 1858 saeva
782 1795 966 1876 Tisiphone,
990 1799 1088 1876 caput

553 1897 763 1978 Serpentibus
785 1899 913 1962 vallata.
928 1949 957 1965 ..

434 2000 530 2064 1026:
662 2019 792 2064 camere
813 2000 876 2064 hoc
898 2001 1008 2079 audes,
1031 2003 1125 2066 nimis

546 2103 647 2168 Vivax
669 2107 837 2168 senectus?
859 2105 885 2167 si
906 2105 994 2187 piget
1016 2105 1130 2182 luctus,
1152 2105 1253 2169 habes

547 2206 684 2270 Mortem
707 2211 864 2287 paratam.

261 2307 344 2371 Med.
368 2308 446 2372 436:
578 2311 603 2373 si
626 2311 708 2375 mori
730 2311 860 2387 nollem,
884 2311 948 2375 fide

462 2411 578 2476 Miseni
601 2414 787 2477 carendum.

360 2517 437 2579 570:
460 2515 517 2578 Est
540 2517 627 2596 palla
649 2517 752 2593 nobis,
775 2537 893 2581 munus
915 2517 1093 2582 aetherium
1106 2516 1141 2602 ¹),
1165 2519 1281 2582 domus

458 2619 628 2701 Decusque
650 2621 748 2701 regni.

259 2721 396 2786 Phaedr.
421 2723 499 2785 713:
523 2723 681 2799 Abscede,
703 2724 774 2786 vive
796 2743 838 2787 ne
861 2723 937 2805 quid
960 2744 1082 2801 exores,
1106 2726 1207 2789 ethic

516 2825 692 2890 Contactus
715 2828 799 2891 ensis
822 2828 949 2891 deserat
973 2832 1098 2893 castum
1120 2830 1213 2894 latus.

257 2928 388 3011 Thyest.
412 2929 492 2992 291:
515 2929 599 3006 Quid
632 2933 717 2994 enim
740 2929 867 3012 reliquit
889 2931 1021 2995 crimine
1043 2932 1200 2996 intactum
1222 2935 1278 2997 aut
1300 2934 1356 2998 ubi

517 3033 635 3097 Sceleri
657 3034 823 3115 pepercit?

261 3136 412 3200 Videmus
447 3138 542 3219 igitur
575 3136 617 3200 ab
646 3140 789 3200 extremo
820 3137 928 3202 iambo
956 3157 1075 3202 novam
1105 3140 1297 3203 sententiam
1324 3140 1463 3221 incipere

171 3259 277 3321 posse.
323 3240 362 3303 Et
391 3240 502 3322 incipit
530 3241 593 3304 hoc
624 3240 696 3303 loco
725 3240 827 3304 multo
857 3241 985 3321 saepius
1008 3262 1107 3323 quarn
1135 3243 1176 3307 ab
1198 3241 1312 3307 ultimo
1336 3244 1461 3320 cretico,
1565 3230 1567 3234 Α

172 3363 237 3425 qua
265 3343 298 3406 in
325 3363 359 3407 re
382 3343 506 3408 Seneca
535 3344 577 3408 ab
605 3343 744 3425 antiquis
771 3343 864 3407 valde
893 3344 1007 3407 differt.
1016 3343 1042 3428 ²)
1067 3345 1131 3408 Sed
1158 3345 1210 3409 hic
1233 3366 1363 3428 quoque
1379 3345 1464 3411 valet

173 3447 299 3523 ealon,
333 3451 369 3510 ut
396 3446 591 3511 vocabulum
624 3447 668 3510 sic
694 3449 903 3529 antecaptum
930 3447 1072 3529 aliquam
1099 3449 1165 3512 vim
1194 3448 1339 3530 accipere
1368 3469 1464 3531 posse

173 3550 290 3614 debeat
299 3547 336 3634 3).
378 3551 491 3633 Itaque
514 3551 695 3615 coniunctio
719 3550 825 3632 aliqua
849 3555 884 3616 ut
918 3554 993 3637 quio
1025 3551 1116 3616 modo
1150 3555 1214 3617 uisi
1247 3555 1307 3616 etc.
1336 3552 1371 3617 in
1400 3552 1464 3616 fine

171 3673 282 3717 versus
316 3674 382 3718 non
416 3655 558 3719 admissa
585 3658 642 3718 est.
694 3653 768 3717 Una
801 3675 878 3719 vero
917 3655 1062 3736 exceptio
1092 3656 1265 3720 statuenda
1294 3659 1356 3720 est:
1386 3674 1464 3720 nam

172 3758 396 3822 coniunctione
430 3758 631 3823 adversativa
665 3767 768 3823 tumen
800 3764 850 3824 ter
882 3758 1029 3822 videmus
1062 3760 1256 3823 sententiam
1282 3777 1403 3824 novam
1431 3758 1464 3823 in

172 3860 236 3924 fine
258 3862 352 3925 metri
374 3862 551 3926 introduci:

258 3964 338 4031 Oed.
363 3966 442 4031 697:
465 3965 551 4029 Num
573 3965 684 4029 audita
707 3985 803 4029 causa
826 3969 874 4028 est
897 3968 1008 4029 nostra
1029 3964 1191 4029 Tiresiae?
1214 3968 1325 4030 tamen

462 4069 579 4133 Sontes
601 4069 756 4133 videmur.

261 4275 280 4342 ¹)
308 4279 445 4331 aethereae
463 4276 492 4345 (i)
511 4276 570 4330 libri
588 4276 750 4344 interpolati.

258 4362 280 4427 ²)
309 4363 397 4417 Causa
424 4363 503 4417 huius
531 4363 567 4416 rei
594 4367 680 4431 patet:
708 4363 807 4417 scilicet
829 4364 932 4417 Seneca
958 4363 1103 4417 iambicam
1125 4379 1220 4416 vocem
1243 4363 1271 4416 in
1293 4363 1347 4416 fine
1371 4380 1465 4418 versus

175 4447 287 4501 creticae
305 4450 390 4503 multo
410 4450 533 4518 praefert.

258 4533 281 4602 6)
309 4536 492 4601 Quamobrem
512 4552 545 4588 ne
564 4535 722 4589 adverbium
740 4536 848 4604 quidem
867 4536 1009 4590 relativum
1025 4537 1071 4588 ubi
1088 4533 1321 4604 (ct.Thyest.tbl)
1341 4552 1465 4604 quaeque

173 4623 236 4672 sunt
255 4621 319 4673 talia
336 4638 417 4689 saepe
436 4622 463 4675 in
482 4622 536 4675 llne
555 4627 708 4676 occurrunt.
