3284 5214
705 77 738 219 ’ζ’
789 123 831 218 oc

208 330 244 399 4.
279 327 489 416 compluria
510 326 701 397 adiectiva
721 346 797 397 uno
820 325 988 412 positivo
1012 325 1141 396 addita
1162 328 1266 410 sunt,
1296 343 1417 394 vorsu

532 436 657 503 autem
680 430 951 518 disiunguntur
973 432 1020 501 ab
1044 449 1100 500 eo.

515 607 554 671 A.
589 606 626 671 in
650 604 829 670 versibus
851 602 1108 684 longioribus

252 726 368 791 Pseud.
392 728 473 791 697:
629 729 665 791 ut
687 725 827 808 aliquem
849 724 1013 788 hominem
1035 726 1202 788 strenuom

499 830 750 895 Benevolentem
773 829 968 894 adducerem
990 827 1032 891 ad
1055 846 1099 891 se.

396 935 475 999 960:
515 1011 521 1033 .
631 934 693 998 hoc
716 937 764 998 est
786 937 911 997 sextum
935 951 955 996 a
976 934 1073 1014 porta
1094 929 1278 1011 proximum

500 1037 726 1119 Angiportum.

396 1142 474 1205 988:
632 1160 662 1217 o,
684 1138 1081 1222 Polymachaeroplagides

499 1244 603 1308 Purus
625 1247 723 1325 putus
746 1247 794 1308 est
816 1244 914 1325 ipsus

254 1346 317 1410 Mil.
342 1346 420 1428 glor.
444 1347 525 1411 441:
682 1346 845 1428 geminam
866 1363 1054 1427 germanam
1077 1363 1183 1408 meam

551 1448 611 1513 Hic
633 1468 779 1514 sororem
801 1468 870 1513 esse
892 1448 1065 1513 indaudivi.

454 1554 530 1618 687:
689 1572 770 1629 eme,
794 1553 838 1616 mi
860 1552 917 1629 vir,
940 1552 1059 1628 lanam,
1083 1551 1170 1616 unde
1192 1549 1324 1633 pallium

551 1655 712 1720 Malacam
735 1659 767 1718 et
790 1654 929 1718 calidum
952 1653 1149 1718 conficiatur.

542 1845 579 1911 B.
614 1845 654 1908 in
677 1845 857 1910 senariis
880 1844 1082 1910 iambicis

256 1966 343 2030 Trin.
368 1967 441 2030 750.
485 1965 592 2029 Pseud
614 1967 688 2030 460.
713 1966 785 2029 793.
820 1964 873 2027 Mil
907 1965 986 2047 glor.
1010 1965 1039 2028 9.
1064 1963 1137 2040 502,
1161 1982 1242 2045 quos
1263 1963 1353 2027 locos
1374 1962 1468 2046 piget

170 2069 359 2146 exscribere,
389 2088 472 2146 cum,
503 2068 529 2132 si
556 2068 709 2133 voluisset
738 2072 845 2149 poeta,
876 2087 986 2132 versus
1014 2067 1067 2130 vix
1095 2066 1267 2149 recepisset
1288 2065 1468 2148 positivum

171 2192 244 2236 cum
273 2172 336 2235 suis
369 2170 518 2252 epithetis
549 2171 708 2235 omnibus.
761 2171 915 2253 Digniora
944 2174 1028 2253 sunt,
1058 2190 1140 2252 quae
1169 2173 1469 2235 commemorentur

171 2275 313 2359 (praeter
334 2273 453 2355 Amph.
480 2274 561 2339 1108
585 2274 668 2339 infra
689 2294 720 2357 p.
745 2276 785 2340 67
808 2274 923 2358 laud.):

256 2377 340 2442 Men.
364 2378 444 2442 289:
576 2378 691 2458 quibus
713 2378 764 2442 hic
787 2377 897 2459 pretiis
919 2378 1009 2459 porci
1031 2379 1170 2442 veneunt

462 2479 576 2545 Sacros
598 2482 734 2545 sinceri?

365 2585 446 2649 487:
578 2585 654 2665 quid
677 2586 733 2661 ais,
756 2585 856 2648 homo

463 2687 577 2751 Levior
599 2707 697 2769 quam
720 2688 840 2769 pluma,
864 2706 1015 2768 pessume
1038 2691 1070 2752 et
1093 2686 1308 2768 nequissutne.

257 2791 344 2854 Pers.
368 2791 448 2854 437:
580 2791 704 2855 nummi
727 2790 862 2854 sescenti
885 2789 936 2854 hic
959 2793 1052 2854 erunt

474 2893 571 2957 Probi
594 2894 762 2959 numerati.

136 3014 138 3017 ’
258 2996 349 3059 Talia
377 2999 487 3059 tamen
519 2996 571 3059 vix
606 3016 792 3077 quenquam
822 2996 996 3062 offendent.
1041 2997 1165 3074 Restat,
1194 3001 1230 3060 ut
1259 2997 1371 3079 quinto
1394 2997 1471 3063 loco

173 3119 211 3162 ea
241 3099 389 3179 exempla
417 3118 586 3179 ponamus,
617 3099 674 3162 ubi
695 3118 797 3163 unum
820 3098 1012 3163 adiectivum
1035 3100 1172 3180 positivo
1195 3100 1341 3164 additum
1363 3100 1471 3165 altero

173 3221 278 3277 versu,
318 3201 419 3265 altero
459 3203 632 3282 positivum
665 3203 770 3283 ipsum
807 3202 986 3269 includitur.
1043 3202 1176 3267 Videtur
1209 3208 1320 3268 autem
1354 3206 1473 3285 aptum

172 3305 312 3387 primum
340 3304 514 3385 separatim
542 3308 681 3369 tractare
710 3304 869 3371 adiectiva
891 3325 910 3370 a
932 3305 1118 3369 nominibus
1152 3307 1290 3388 propriis
1313 3307 1470 3385 derivata,

173 3411 241 3472 tum
275 3427 323 3487 ea,
357 3427 440 3490 quae
471 3408 564 3472 solito
593 3408 730 3490 amplius
758 3410 898 3490 spatium
929 3409 1086 3484 obtinent,
1115 3412 1190 3489 post
1221 3409 1353 3492 reliqua,
1384 3428 1472 3491 quae

174 3514 310 3592 utraque
341 3511 546 3576 excusatione
577 3517 697 3589 carent,
727 3513 1010 3595 comprehendere.
1058 3512 1140 3577 Cum
1169 3511 1262 3578 huius
1292 3514 1339 3578 rei
1365 3513 1473 3596 gratia

174 3633 287 3677 omnes
309 3614 435 3678 fabulas
457 3634 560 3696 aeque
583 3615 783 3680 adhibuerim
805 3637 843 3680 ac
865 3635 993 3698 sperem
1012 3617 1160 3697 graviora
1182 3636 1319 3681 menon
1339 3616 1470 3698 fugisse,

173 3716 243 3781 illas
265 3720 330 3781 tres
353 3716 478 3781 fabulas
503 3718 699 3799 distinguere
721 3739 788 3782 non
811 3739 892 3801 opus
916 3722 983 3783 erit.

312 3958 344 4026 5.
379 3956 499 4028 Unum
522 3957 751 4036 adiectivum
776 3978 799 4027 a
822 3977 890 4027 suo
914 3956 1082 4044 positivo
1105 3956 1340 4046 seiungitur:

349 4133 377 4178 a.
413 4114 651 4178 adiectivum
674 4134 693 4177 a
715 4133 813 4178 nom.
837 4133 968 4195 propr.
992 4115 1212 4179 derivatum
1236 4117 1303 4180 est.

507 4252 546 4318 A.
581 4253 619 4315 in
643 4252 835 4316 versibus
857 4251 1135 4334 longioribus,

262 4371 350 4437 Trin.
374 4372 453 4435 954:
586 4374 641 4454 qui
663 4373 706 4436 mi
729 4372 814 4435 mille
838 4393 1006 4438 nummum
1031 4374 1176 4438 crederet

478 4475 671 4558 Philippum,
694 4475 782 4557 quod
805 4496 857 4541 me
879 4496 994 4541 aurum
1017 4476 1143 4541 deferre
1164 4476 1256 4541 iussit
1278 4477 1320 4541 ad
1337 4480 1472 4558 gnatum

566 4599 670 4644 suom.
