3286 5198
743 151 897 248 ,79-

174 353 415 419 coniunctiones
432 354 513 419 falso
531 355 678 420 inductas
691 375 769 423 esse.
793 357 865 420 Hoc
877 357 1025 438 exposuit
1037 361 1069 422 et
1081 361 1224 438 exparte
1244 357 1320 420 milri
1337 376 1467 439 quoque

174 457 398 539 comprobavit
421 456 615 523 Conradtius
637 459 670 521 in
692 458 803 524 Herm.
826 460 888 526 vol.
912 459 950 525 X.
974 479 1006 540 p.
1034 461 1103 524 108.
1148 459 1184 524 In
1208 460 1251 523 eis
1278 464 1387 524 autem
1410 480 1466 524 ex·

173 560 297 642 amplia,
321 580 404 642 quae
427 581 487 643 ego
506 581 605 643 supra
626 561 729 642 posui,
754 563 1014 626 coniunctionem
1036 564 1087 627 vel
1097 562 1372 644 praepositionem
1394 582 1466 626 om·

172 663 263 727 nium
286 664 433 727 codicum
455 663 520 728 fide
542 665 700 728 munitam
721 668 819 746 atque
841 666 911 746 ipsa
933 666 1092 729 sententia
1114 666 1311 747 postulatam
1334 684 1467 729 servan-

172 767 251 831 dam
273 786 343 830 esse
366 786 491 833 censeo.
535 768 579 830 At
601 787 711 831 versus
734 768 959 832 coniunctione
989 773 1117 833 servata
1145 769 1289 832 duriores
1317 768 1466 847 existunt,

173 889 272 950 quam
295 889 376 951 quos
392 869 545 934 Terentio
568 871 776 934 inculcentur.
811 870 864 935 Sic
885 890 964 935 sane
986 872 1126 947 videtum
1153 873 1210 936 sed
1228 871 1467 936 animadvertas

172 972 285 1050 velim,
316 973 465 1037 omnibus
493 973 553 1036 illis
582 973 737 1055 exemplis
768 974 905 1038 eandem
933 994 1003 1038 esse
1033 975 1205 1038 rationem:
1235 993 1363 1055 semper
1391 979 1467 1038 ante

172 1075 322 1140 voculam
337 1075 434 1153 illam,
458 1079 605 1157 quaeest
624 1075 657 1139 in
676 1077 750 1153 fine,
774 1077 888 1141 elisio
901 1076 925 1161 1)
948 1077 999 1140 fit:
1022 1097 1150 1159 semper
1167 1077 1262 1158 igitur
1279 1097 1391 1141 versus
1408 1097 1468 1159 per

172 1199 207 1243 se
234 1178 349 1261 plenus
374 1182 472 1261 atque
505 1180 628 1260 integer
657 1183 719 1257 est,
748 1180 801 1244 illa
830 1184 940 1244 autem
970 1180 1152 1244 coniunctio
1183 1180 1233 1243 vel
1259 1181 1466 1261 praepositio,

173 1301 257 1364 quae
279 1283 305 1346 si
326 1302 457 1350 sensum
480 1281 683 1362 respicimuS,
715 1282 757 1345 ad
779 1283 1002 1364 insequentem
1031 1302 1159 1347 versum
1192 1284 1346 1364 pertinet,
1377 1283 1467 1365 quasi

172 1385 276 1449 inter
297 1404 433 1449 versus
456 1388 543 1450 stat.
594 1385 665 1448 Hoc
694 1405 759 1448 non
790 1387 891 1463 casui,
921 1406 987 1449 non
1009 1384 1231 1466 interpolatori
1259 1386 1467 1451 tribuendum

173 1491 232 1552 est.
276 1487 341 1551 Fac
363 1487 459 1569 igitur
480 1508 592 1553 versus
614 1488 646 1552 in
668 1488 756 1552 hunc
777 1488 912 1552 modum
935 1509 1005 1553 esse
1026 1489 1189 1553 recitatos:

328 1589 470 1655 Uxorem
493 1590 616 1658 demus.
640 1611 735 1674 spero
759 1591 990 1656 consuetudine
1015 1596 1047 1654 et
1070 1591 1218 1672 coniugio
1241 1646 1247 1657 .
1273 1645 1279 1657 .
1305 1642 1312 1655 .

257 1710 347 1774 Haec
368 1730 421 1774 me
443 1730 510 1774 non
532 1701 683 1775 hariolari
706 1732 745 1776 ex
767 1711 885 1776 talibus
908 1682 1062 1793 exemplis
1086 1711 1213 1775 videtur
1235 1732 1412 1794 apparere:

260 1813 397 1894 Adelph.
422 1815 499 1879 217:
533 1814 684 1899 Metuisti,
712 1816 738 1878 si
768 1835 854 1879 nunc
886 1816 926 1878 de
947 1819 1004 1878 tuo
1026 1815 1095 1878 iure
1118 1816 1329 1880 concessisses
1350 1816 1466 1897 paulu·

624 1918 816 2028 lum-fiatque
838 1919 1043 1982 Adulescenti
1067 1938 1152 1982 esses
1177 1966 1185 1983 .
1209 1967 1216 1982 .
1241 1969 1248 1982 .

427 2039 503 2102 375:
537 2039 593 2101 Est
615 2039 722 2103 hercle
744 2040 863 2120 inepta,
886 2058 928 2101 ne
951 2038 1055 2102 dicam
1079 2038 1154 2102 dolo
1177 2041 1275 2120 atque
1286 2036 1313 2122 2)

539 2142 699 2205 Absurda.

426 2246 507 2308 465:
542 2244 626 2322 Quid
641 2245 721 2308 istuc
741 2247 810 2308 est?
823 2244 856 2313 iss
868 2245 1023 2308 Nostrum
1042 2243 1181 2308 amicum
1199 2263 1297 2309 noras
1308 2244 1468 2309 Simulum

631 2351 729 2428 atque
739 2346 766 2430 3)

540 2451 742 2532 Aequalem?

259 2553 306 2616 De
328 2554 390 2616 hoc
412 2572 478 2616 uno
502 2553 649 2634 exemplo
672 2554 839 2635 paululum
861 2553 983 2616 dubito,
1022 2552 1087 2616 Sed
1104 2553 1264 2617 sententia
1281 2557 1366 2616 certe
1383 2553 1466 2618 bene

172 2656 234 2720 lert
264 2656 340 2719 illud
371 2665 463 2741 utque
493 2656 545 2740 (cf.
569 2656 648 2722 Eun.
678 2658 750 2720 327.
775 2657 886 2720 Afran.
909 2657 1002 2738 frgm.
1034 2676 1064 2719 v.
1095 2656 1171 2739 956)
1196 2659 1293 2737 atque
1316 2656 1349 2719 in
1372 2655 1465 2723 codd.

171 2759 240 2823 AG
262 2763 329 2823 tam
353 2760 444 2823 facile
466 2764 542 2823 ante
564 2779 703 2840 sequens
721 2760 881 2844 aequalem
891 2763 999 2841 potest
1017 2759 1169 2823 excidisse
1189 2779 1287 2840 quam
1304 2759 1337 2821 in
1355 2760 1467 2822 ceteris

172 2862 252 2925 t‘also
276 2862 422 2925 additum
445 2881 524 2925 esse.

258 2964 333 3045 Legi
355 2965 408 3041 illi,
439 2985 504 3047 qua
525 2965 721 3046 postulatur,
752 2969 788 3028 ut
814 2985 942 3045 semper
963 2969 1039 3029 ante
1062 2965 1162 3028 talem
1192 2964 1342 3028 voculam
1370 2984 1467 3029 sensu

172 3068 214 3132 ad
230 3068 263 3132 id
283 3069 370 3149 quod
388 3068 540 3149 sequitur,
562 3089 658 3133 versu
674 3069 715 3132 ad
732 3069 765 3133 id
781 3067 869 3150 quod
886 3067 1047 3131 antecedit
1063 3067 1277 3148 pertinentem
1294 3067 1381 3130 elisio
1399 3066 1466 3145 fiat,

172 3171 271 3235 modo
294 3189 378 3234 unus
400 3171 489 3235 locus
511 3176 686 3253 repugnat:
722 3172 837 3235 Heaut.
862 3172 934 3247 581,
957 3171 1014 3234 ubi
1037 3175 1101 3234 est:

584 3275 699 3338 credo:
734 3294 840 3356 neque
863 3275 895 3337 id
918 3274 1047 3337 iniuria:
1083 3273 1159 3355 quin
1169 3273 1197 3358 4)

475 3378 550 3441 Mihi
572 3363 785 3441 molestumst.

172 3481 225 3545 Sic
259 3481 357 3544 edidit
379 3481 670 3562 Umpfenbachius‚
704 3481 749 3543 ita
783 3485 818 3543 ut
850 3484 986 3561 uterque
1008 3499 1119 3543 versus
1152 3480 1192 3544 sit
1226 3483 1332 3545 ocion.
1363 3481 1465 3545 troch.

171 3584 215 3647 At
242 3585 359 3648 rectius
388 3585 545 3648 hocloco
568 3585 719 3648 statuitur
741 3581 940 3664 septenarius
962 3581 1075 3660 troch.‚
1100 3602 1197 3664 quern
1221 3583 1336 3664 excipit
1359 3589 1466 3648 octon.

171 3688 268 3751 iamb.
292 3687 504 3770 hypercatal:
693 3706 798 3767 neque
821 3685 854 3749 id
876 3685 1004 3748 iniuria:

586 3790 670 3868 Quin
693 3789 770 3853 mihi
793 3789 1005 3853 molestumst.

172 3892 221 3958 Cf.
264 3894 423 3958 Klotzium
466 3894 498 3978 (l.
524 3915 596 3958 ss.
620 3894 735 3975 p.413
759 3893 819 3976 sq.)
851 3895 882 3954 et
912 3891 1067 3971 imprimis
1100 3889 1278 3973 Kiesslingii
1310 3892 1468 3956 Analecta

171 3996 330 4073 Plautina,
354 3998 408 4079 qui
430 4017 499 4061 rem
521 3998 605 4061 bene
628 3996 806 4077 explicavit.

259 4101 377 4165 Similis
407 4104 505 4182 atque
526 4101 575 4164 his
598 4098 718 4163 voculis
742 4099 867 4162 videtur
889 4096 971 4161 ratio
994 4096 1090 4160 fuisse
1113 4096 1385 4162 interiectionibus
1400 4117 1467 4160 non

171 4205 271 4268 semel
294 4205 380 4286 apud
403 4205 563 4281 Plautum,
579 4201 763 4284 saepissime
780 4201 867 4282 apud
883 4200 1070 4264 Terentium
1090 4219 1200 4264 versus
1216 4201 1315 4264 finem
1331 4199 1467 4263 efficien-

171 4321 359 4328 .-—..—
363 4321 429 4327 .-.-—

261 4359 280 4428 ¹)
300 4362 332 4414 In
349 4362 402 4415 hoc
421 4360 498 4413 video
516 4359 571 4412 iam
590 4357 765 4412 Conradtium
783 4356 919 4410 institisse.

258 4446 280 4512 ²)
300 4456 379 4517 atque
398 4446 474 4528 alteri
492 4445 581 4498 versui
600 4444 674 4497 addit
692 4444 723 4496 A.

257 4532 280 4598 3)
300 4543 379 4603 atque
397 4532 425 4586 in
443 4531 496 4584 AG
514 4532 600 4594 deest3
618 4529 647 4582 in
664 4530 688 4583 A
707 4529 815 4583 alterius
833 4547 928 4582 versus
946 4527 1022 4581 initio
1041 4528 1166 4596 praefixit
1184 4544 1250 4580 corr.
1270 4543 1320 4580 rec.

257 4619 280 4684 ⁴¹)
300 4622 366 4688 quin
384 4618 412 4671 in
430 4617 508 4670 AFP
527 4622 684 4684 sequentem
703 4632 812 4669 versum
830 4615 933 4682 incipit.
