3286 5198
731 108 884 204 *ros*

170 301 340 372 verborum
367 309 460 376 Falce
487 318 519 377 et
547 336 637 380 cerus
664 315 741 379 satis
769 314 868 378 habet
897 309 1110 376 excusationis
1133 308 1186 392 (cf.
1213 326 1311 388 supra
1334 326 1369 388 p.
1394 304 1466 388 ΞΟ).

170 404 258 470 Alter
279 407 367 475 locus
390 420 477 480 extat
499 417 562 483 Mil.
586 420 665 500 glor.
693 419 789 482 1125:

593 523 669 605 quin
691 521 798 603 potius
819 518 1036 602 pergratiam

449 624 573 691 Bonam
595 627 691 691 abeat
713 645 772 707 aps
794 628 836 688 te.

171 718 267 785 Cuius
288 721 349 787 loci
376 725 483 792 similis
505 750 664 812 nusquam
697 729 784 810 apud
805 727 956 790 Plautum
983 723 1153 788 invenitur.
1204 721 1241 786 In
1263 721 1326 785 hoc
1349 724 1468 784 autem

169 824 237 906 ipso
270 824 341 891 loco
374 829 460 895 idem
492 833 545 912 fit,
586 835 673 915 quod
706 850 805 912 supra
837 830 870 893 in
902 828 1095 911 pronomine
1128 824 1309 908 possessivo
1355 823 1395 908 (si
1430 823 1467 887 in

169 927 258 993 initio
281 931 408 996 alterius
429 955 538 1000 versus
561 937 660 1021 extat)
690 936 793 999 solere
815 932 968 996 vidimus:
990 931 1068 995 illud
1091 931 1205 994 bonam
1227 931 1274 1007 et,
1306 927 1396 1009 quod
1419 927 1467 991 ad

169 1053 297 1098 versum
308 1036 431 1116 attinet,
447 1040 551 1120 prima
561 1041 642 1105 thesi
655 1038 841 1114 absolvitur,
861 1039 903 1113 et,
921 1035 947 1098 si
964 1054 1093 1098 sensum
1110 1033 1308 1114 respicimus,
1327 1050 1467 1112 prorsus

169 1137 290 1202 nullam
312 1139 411 1204 habet
433 1143 511 1206 vim:
542 1164 618 1207 nam
639 1165 695 1227 per
716 1144 854 1227 gratiam
876 1141 990 1203 bonum
1012 1138 1089 1202 nihil
1111 1136 1249 1219 amplius
1265 1139 1322 1201 aut
1340 1139 1390 1200 est
1405 1137 1465 1199 aut

169 1244 277 1323 potest
307 1262 390 1321 esse,
420 1264 518 1326 quam
545 1247 632 1327 quod
660 1265 758 1326 supra
788 1245 830 1328 (v.
854 1244 917 1307 979
939 1241 1033 1305 huius
1055 1240 1196 1323 fabulae)
1224 1238 1384 1321 significat
1400 1260 1468 1322 per

167 1347 307 1431 pretium
338 1346 389 1430 (ci.
411 1348 553 1413 Brixium
574 1350 616 1413 ad
637 1350 669 1412 h.
692 1349 738 1432 l).

256 1449 429 1514 Possumus
451 1452 545 1532 igitur
574 1453 767 1516 constituere
789 1451 940 1515 Plautum
961 1449 1025 1512 tale
1049 1447 1126 1529 quid
1148 1466 1216 1511 non
1238 1446 1408 1512 admisisse
1422 1446 1465 1531 ll:

505 1575 582 1619 nam
604 1555 727 1618 bonum

378 1657 513 1721 Servom
535 1658 627 1722 decet
649 1678 771 1736 curare,
795 1658 1049 1740 quodquomque
1072 1675 1144 1719 erus
1166 1655 1256 1719 iubet

507 1762 581 1843 quia
606 1762 707 1825 virum

378 1864 506 1927 Fortem
528 1864 651 1928 laudari
673 1884 770 1946 saepe
793 1883 853 1927 nos
876 1863 1065 1927 audivimus.

507 1967 637 2031 advenit
659 1967 755 2031 hodie
777 1986 895 2049 magna

378 2070 484 2145 Navis,
508 2090 591 2152 quae
613 2069 741 2134 advexit
763 2069 921 2133 mulieres.

489 2174 576 2237 scio
600 2173 715 2254 edepol
737 2173 901 2253 negotium

379 2275 531 2357 Magnum
553 2296 605 2339 me
628 2277 804 2356 suscepisse
826 2274 931 2338 hodie.

174 2380 296 2446 Contra
317 2377 423 2442 minus
446 2379 599 2457 offendat,
624 2378 650 2442 si
672 2382 774 2442 extet:

509 2485 662 2546 certumst
684 2482 787 2545 virum

380 2584 536 2663 Fortem,
560 2585 711 2648 fortuna
733 2584 930 2648 malevolens
954 2604 1037 2666 quae
1060 2585 1125 2662 dat,
1147 2586 1225 2667 pati.

176 2880 240 2960 llll.
278 2878 550 2958 coniunctiones
578 2898 601 2956 a
627 2879 704 2957 suls
732 2878 919 2957 sententiis
947 2881 1141 2977 separatae
1177 2881 1209 2958 tn
1242 2879 1312 2959 ine
1340 2900 1476 2960 versus

617 2999 747 3098 prioris
774 2999 878 3077 solae
905 3001 1036 3077 extant.

264 3151 513 3217 Coniunctiones
535 3151 684 3232 intellego
708 3171 821 3215 omnes
843 3172 897 3215 eas
920 3171 1025 3227 voces,
1049 3172 1132 3234 quae
1155 3154 1232 3218 nihil
1249 3155 1335 3219 aliud
1352 3155 1477 3234 valent,

179 3275 277 3338 quam
306 3258 342 3317 ut
370 3255 511 3336 aliquam
540 3254 732 3318 sententiam
755 3258 811 3317 aut
833 3255 1009 3337 adiungant
1037 3260 1093 3319 aut
1114 3257 1319 3339 subiungant.
1363 3257 1479 3323 Liceat

179 3358 257 3422 mihi
267 3358 363 3440 igitur
373 3378 393 3422 a
404 3358 576 3421 levioribus
587 3358 629 3421 ad
641 3358 788 3439 graviora
799 3359 984 3421 ascendenti
996 3359 1193 3440 singularum
1209 3361 1479 3427 coniunctionum

180 3482 264 3544 quae
286 3462 328 3526 ad
350 3482 420 3525 rem
441 3461 642 3544 propositam
664 3462 782 3525 faciant
805 3463 952 3543 exempla
973 3482 1096 3543 ponere
1119 3484 1158 3527 ex
1186 3464 1335 3528 omnibus
1357 3464 1480 3530 fabulis

182 3584 287 3646 aeque
310 3564 453 3631 collecta.
499 3564 601 3628 Simul
622 3564 685 3628 hoc
706 3565 778 3628 loco
801 3565 906 3646 aptius
928 3565 1039 3642 visumj
1051 3569 1099 3629 est
1120 3567 1375 3648 septenariorum
1392 3568 1480 3632 iarn-

180 3667 342 3745 bicorum,
375 3688 514 3750 quorum
543 3668 576 3731 in
605 3668 670 3732 fine
698 3668 776 3731 alias
807 3668 1047 3732 coniunctiones
1079 3674 1188 3733 extare
1218 3690 1316 3752 quam
1346 3670 1379 3733 in
1410 3671 1481 3736 fine

181 3789 333 3834 versuum
354 3771 387 3834 in
408 3771 553 3835 iambum
576 3772 760 3835 exeuntium
784 3790 913 3834 necesse
930 3775 987 3849 est,
1012 3774 1160 3854 exempla
1177 3778 1326 3855 separata
1344 3766 1480 3840 addere.

182 3873 230 3936 Ac
246 3873 385 3955 primum
403 3874 533 3955 quidem
547 3893 656 3938 versus
672 3874 705 3937 in
723 3874 867 3937 iambum
879 3878 1041 3952 exeuntes,
1060 3876 1085 3938 si
1097 3876 1213 3957 placet,
1232 3878 1479 3958 perlustremuS,

272 4129 292 4195 l)
321 4129 391 4184 Cave
409 4131 490 4184 etiam
508 4133 601 4186 credas
619 4135 673 4186 huc
691 4134 823 4201 pertinere
841 4133 892 4186 Mil.
912 4135 978 4202 glor.
996 4135 1060 4187 592:

598 4220 678 4287 Heus,
696 4220 934 4285 Philocomasium,
954 4220 1006 4274 cito

504 4304 671 4358 Transcurre
690 4306 822 4359 curriculo
842 4307 876 4359 ad
893 4324 951 4360 nos.
971 4308 1014 4372 (ci.
1033 4323 1058 4362 v,
1077 4306 1147 4373 ΕΜ).

185 4390 272 4444 Immo
297 4405 340 4443 res
363 4389 402 4443 ita
426 4406 484 4442 sese
508 4390 597 4455 habet,
622 4396 652 4443 ut
675 4394 727 4445 cito
751 4392 786 4445 sit
810 4393 976 4458 adverbium,
1001 4395 1137 4447 curriculo
1162 4398 1254 4446 autem
1279 4392 1399 4446 adverbii
1417 4393 1479 4448 loco

184 4476 321 4543 fungatur,
345 4480 375 4528 ut
394 4474 458 4528 alibi
477 4492 585 4543 quoque
604 4476 701 4529 dicitur
720 4481 855 4531 curriculo
874 4497 1051 4547 percurrere;
1077 4479 1109 4531 cf.
1133 4477 1214 4531 etiam
1234 4495 1304 4546 quae
1323 4494 1405 4547 supra
1424 4480 1480 4534 dixi

186 4577 248 4630 pag.
264 4562 306 4616 36.
