3286 5198
762 147 763 150 ’
858 153 879 217 6

309 364 418 427 Prom.
445 362 543 426 1041:
588 362 676 446 τέγγῃ
700 363 756 446 γὰρ
781 361 866 425 οὐδὲν
890 361 961 425 οὐδὲ
983 361 1143 444 μαλθάσσῃ
1162 363 1256 430 λιταῖς

589 465 836 548 έμαῖς·δακὼν
860 464 894 528 δέ
917 512 924 526 .
949 509 989 526 ..

311 568 423 651 Suppl.
447 569 524 632 371:
592 557 672 632 οὗτοι
694 568 831 651 κάθησθε
854 568 1000 652 δωμάτων
1022 566 1151 653 ἐφέστιοι

590 671 687 754 έμσῖν
700 669 734 754 ¹).
769 673 801 734 τό
824 673 920 734 κοινόν
944 664 1002 734 δἐἰ
1024 671 1157 753 μαίνεται
1178 670 1270 748 πόλις,

234 810 236 814 =
311 775 445 839 Eumen.
469 774 546 837 581:
789 771 849 838 ἔστι
870 775 925 856 γὰρ
949 773 1047 857 δόμων

578 877 673 960 ἱκέτης
696 865 736 941 ὅδ’
765 877 838 962 ἀνὴρ
862 879 912 940 καὶ
935 878 1035 962 δόμων
1057 876 1190 963 ἐφέστιος

578 981 690 1064 έμῶν,
714 980 807 1066 φόνου
831 982 864 1045 δὲ
886 974 962 1044 τοῦδ’
992 981 1050 1059 ἐγὼ
1073 981 1243 1064 καθάρσιος.

312 1083 395 1148 Sunt
417 1086 527 1148 autem
550 1082 648 1147 etiam
670 1082 725 1164 qui
747 1083 781 1147 in
802 1082 921 1147 talibus
944 1081 1166 1146 offenderunt:

313 1186 425 1269 Suppl.
447 1187 532 1251 494:
766 1181 831 1271 μηδ’
860 1187 1033 1272 ἀπορριφθῇ
1056 1186 1143 1269 λόγος

587 1291 683 1373 ἐμοῦ
701 1309 708 1324 ·
726 1285 786 1353 κατ’
815 1291 910 1376 ἀρχῆς
931 1292 988 1374 γὰρ
1012 1290 1154 1377 φιλαίτιος
1176 1292 1262 1359 λεώς.

313 1393 458 1475 Choeph.
483 1393 566 1458 238:
601 1389 769 1476 ὦτερπνδν
791 1384 875 1477 ’όμμα
897 1392 1042 1478 τέσσαρας
1065 1394 1169 1476 μοίρας
1192 1391 1262 1478 ἔχον

600 1497 708 1582 ἐμοί·
728 1498 896 1581 προσαυδᾶν
920 1492 941 1560 δ’
969 1494 1028 1560 ἔστ’
1052 1497 1220 1578 ἀναγκαίως
1242 1495 1313 1581 ἔχον
1327 1544 1333 1556 .
1349 1543 1376 1557 ..
1491 1504 1493 1509 ’

312 1599 421 1663 Liceat
444 1597 565 1663 addere
582 1617 712 1663 versum
733 1602 765 1663 et
781 1599 887 1680 ipsum
904 1598 1112 1663 multifariam
1130 1602 1335 1680 temptatum,
1359 1597 1414 1678 qui
1430 1600 1523 1661 extat

226 1702 341 1783 Agam.
368 1703 465 1776 1590;
498 1701 614 1782 legitur
636 1705 746 1766 autem
768 1702 826 1765 ibi:

614 1805 744 1890 Θυέστης
768 1810 871 1890 μοῖραν
894 1793 991 1888 πόματ’
1015 1807 1146 1891 ἀσφαλῆ,

527 1913 560 1973 τό
585 1913 625 1996 μὴ
648 1913 749 1975 θανὼν
771 1910 910 1994 πατρῷον
934 1909 1050 1991 αἱμάξαι
1072 1909 1161 1973 πέδον

529 2013 765 2083 αότοῦ·ξένια
789 2013 822 2076 δὲ
844 2013 932 2076 τοῦδε
956 2060 963 2074 .
990 2061 995 2072 .
1022 2059 1028 2072 .

227 2113 284 2178 ubi
307 2115 396 2179 αὐτοῦ
419 2117 493 2196 post
514 2115 661 2179 additum
684 2116 751 2179 fere
774 2116 942 2198 ἐγκλιτινῶς
966 2117 1053 2179 extat
1076 2116 1174 2194 atque
1196 2113 1281 2177 inter
1303 2114 1385 2178 duos
1406 2113 1525 2179 vers‘us

227 2217 260 2280 in
283 2217 400 2281 medio.
445 2217 554 2300 Atque
573 2218 635 2283 hae
655 2218 782 2283 ratione
795 2219 904 2282 omnia
927 2216 1086 2282 eiusmodi
1103 2216 1251 2298 exempla
1273 2216 1353 2280 mihi
1370 2216 1526 2282 videntur

229 2320 428 2402 explicanda.
472 2321 594 2385 Maiore
625 2323 712 2386 voris
741 2321 772 2384 vi
801 2321 1029 2403 pronuntiatur
1056 2319 1188 2383 demum
1215 2319 1294 2383 illud
1316 2319 1525 2399 vocabulum,

229 2441 331 2504 aquo
348 2423 495 2504 proxima
513 2425 674 2489 sententia
695 2425 828 2500 orditur,
851 2423 930 2488 iilud
949 2426 1057 2488 autem
1084 2423 1227 2500 ,αὐτο6“,
1253 2425 1369 2507 ,ἐμοί“,
1395 2422 1525 2506 ,έμοό“,

232 2527 349 2610 „dudd
371 2529 430 2591 ete.
453 2527 520 2591 fere
544 2527 718 2593 devoratur
739 2547 828 2592 voce.
859 2527 931 2591 Hoc
952 2527 1024 2591 loro
1048 2526 1102 2591 iila
1120 2527 1195 2599 ξένια
1216 2546 1338 2591 novum
1355 2525 1525 2607 quendam

229 2632 327 2711 atque
360 2629 542 2694 inauditum
574 2631 743 2696 horrorem
776 2631 809 2693 in
842 2650 878 2694 se
907 2630 1040 2694 habent.
1085 2629 1189 2694 Simili
1221 2630 1320 2694 modo
1355 2629 1526 2710 superiora

230 2732 378 2814 exempla
399 2732 474 2796 lieet
496 2733 709 2816 interpretari.
1452 2801 1456 2808 ,

314 2835 515 2900 Adverbium
531 2838 671 2919 exempli
684 2838 787 2919 gratia
805 2858 826 2903 a
841 2837 966 2919 reliqua
985 2836 1146 2900 sententia
1165 2837 1401 2918 separaturum
1418 2834 1524 2900 altero

228 2958 325 3002 versu
343 2938 449 3002 solum
468 2940 556 3002 extat
572 2938 680 3004 Prom.
700 2941 761 3005 727
779 2944 812 3005 et
827 2941 941 3022 Agam.
962 2939 1045 3003 1316
1063 2939 1175 3023 (quem
1190 2938 1299 3003 iocum
1314 2939 1525 3004 Hermannus

229 3043 317 3104 recte
340 3040 503 3124 restituit).

315 3143 345 3206 A
361 3143 548 3209 nominibus
564 3145 702 3209 fortasse
719 3146 817 3210 etium
840 3147 969 3228 saepius
987 3163 1081 3209 suum
1099 3146 1235 3210 verbum
1251 3163 1345 3209 versu
1364 3144 1524 3209 avellitur.

229 3246 311 3310 Ecce
333 3246 489 3311 nonnulla
511 3247 660 3329 exempla
682 3248 884 3333 (plerumque
907 3248 1000 3313 attuli
1022 3249 1145 3313 formas
1168 3247 1374 3330 disyllabas):

316 3349 424 3414 Prom.
449 3349 511 3413 676
531 3368 597 3432 sq.:
754 3350 828 3423 Ζεὺς
850 3354 906 3437 γὰρ
930 3352 1031 3437 ἱμέρου
1055 3350 1152 3440 βέλειΙ

617 3456 689 3538 πρὸς
712 3455 766 3519 σου
788 3455 950 3520 τέθαλπται
972 3458 1021 3519 καὶ
1044 3456 1234 3540 συναίρεσθαι
1256 3451 1368 3540 Κόπριν

618 3556 719 3621 θέλει·
734 3557 768 3622 σό
792 3557 828 3635 δ’,
853 3545 878 3623 ὦ
900 3564 963 3635 παῖ,
987 3561 1027 3644 μὴ
1050 3558 1250 3640 ἁπολακτίσῃς
1273 3559 1427 3645 λέχος...

317 3640 443 3704 Ibidem
466 3640 560 3706 1069.

316 3744 406 3807 Pers.
430 3744 503 3810 694.
530 3744 602 3808 766.

319 3846 409 3928 Sept.
432 3847 505 3911 566.
529 3847 601 3912 634.

319 3949 431 4031 Suppl.
456 3951 529 4014 490.
553 3951 626 4014 507.
651 3951 724 4013 600.

318 4053 433 4134 Agam.
457 4054 530 4117 913.
554 4053 626 4116 953.
655 4053 745 4117 1040.
773 4054 864 4119 1047.
891 4055 982 4119 1630.

319 4155 465 4237 Choeph.
490 4149 561 4219 740.
587 4155 660 4219 753.

319 4259 410 4323 Eum.
433 4259 507 4321 461.
532 4259 604 4321 810.

320 4361 449 4425 Seerevi
472 4365 580 4425 autem
604 4362 726 4426 formas
751 4363 923 4427 verborum
942 4364 1145 4429 auxiliarium
1160 4366 1307 4448 γενέσθαι,
1331 4364 1420 4446 quod
1437 4367 1528 4430 extat

233 4463 323 4528 verbi
345 4465 450 4545 gratia
470 4463 583 4545 Suppl.
602 4465 674 4531 207.
706 4464 851 4548 Choeph.
874 4467 965 4544 1004,
990 4469 1021 4530 et
1043 4467 1200 4549 imprimis
1218 4469 1300 4549 εἶναι,
1325 4467 1414 4531 euius
1434 4469 1528 4533 verbi

323 4618 343 4686 ¹)
362 4620 424 4688 όμδν
442 4620 477 4674 Μ.
495 4635 535 4688 pr.
554 4635 602 4684 m.;
623 4636 690 4678 corr.
710 4620 756 4675 alt.
777 4637 851 4675 man.
