3286 5198
792 165 835 227 80

169 372 264 436 tibus.
301 371 385 435 Nam
409 371 506 435 etiam
529 371 590 435 hae
613 370 639 434 si
661 374 781 448 extant,
805 390 933 451 semper
954 374 1030 433 ante
1053 369 1309 433 interiectionem
1332 368 1468 432 eliditur

169 475 327 539 Nimirum
357 474 389 538 id
417 474 580 550 intererat,
611 477 647 536 ut
676 458 853 537 interiectio
877 475 921 537 sic
943 473 1026 536 inter
1047 492 1159 536 versus
1180 473 1286 554 posita
1307 491 1466 553 magnam

169 577 256 641 vocis
277 578 343 640 vim
365 577 533 657 acciperet,
546 577 739 652 ,coniunctio
763 581 871 640 autem
894 577 943 640 vel
965 575 1161 657 praepositio
1179 594 1311 656 prorsus
1328 574 1467 651 nullam,

169 680 269 744 immo
292 679 509 743 devoraretur.
1404 672 1407 678 '

257 782 305 845 Ac
332 781 372 845 de
394 782 546 845 Terentio
581 779 712 861 quidem
747 781 912 846 hactenus.
965 781 1118 844 Videmus
1155 800 1229 845 eum
1255 781 1289 843 in
1320 780 1467 862 epitheto

171 905 191 949 a
222 904 281 948 suo
311 883 448 966 positivo
476 904 535 965 per
557 903 666 947 versus
689 884 788 947 finem
810 885 969 965 dirempto
991 889 1089 964 paulo
1111 884 1297 968 severiores,
1323 884 1357 947 in
1385 903 1468 947 con-

170 989 333 1052 iunctione
362 988 413 1050 vel
442 987 681 1068 praepositione
703 988 736 1050 in
759 987 845 1050 exitu
866 1006 977 1051 versus
1000 987 1158 1051 collocata
1175 987 1277 1051 multo
1300 987 1469 1051 liberiores

170 1091 257 1173 leges
283 1091 373 1172 sequi
403 1110 502 1171 quam
523 1090 684 1153 Plautum.
729 1089 918 1153 Proximum
947 1094 1004 1167 est,
1033 1093 1069 1153 ut
1096 1090 1167 1154 illos
1197 1094 1344 1154 veterum
1372 1109 1467 1154 scae-

170 1194 327 1269 nicorum,
351 1213 489 1274 quorum
511 1194 610 1256 modo
633 1193 813 1274 fragmenta
835 1193 877 1256 ad
893 1212 953 1256 nos
975 1197 1200 1274 pervenerunt,
1222 1192 1466 1275 perlustremus

273 1468 324 1547 ΙΙΙ.
354 1469 402 1548 tic
430 1470 677 1549 scaenicorum
707 1469 938 1549 Romanorum
966 1472 1123 1549 uctcrurn
1150 1469 1371 1567 iraoncntis.

260 1608 313 1671 Ad
350 1606 572 1670 scaenicorum
599 1606 823 1670 Romanorum
852 1606 1033 1687 fragmenta
1055 1606 1217 1687 quaedam
1240 1606 1468 1669 constituenda

173 1710 369 1792 aggredienti
392 1709 470 1773 mihi
489 1709 630 1790 primum
652 1710 778 1773 videtur
795 1729 952 1790 apparere
974 1708 1111 1790 tragicos
1135 1711 1166 1772 et
1189 1708 1329 1772 comicos
1351 1713 1469 1789 poetas

173 1814 206 1877 in
235 1814 280 1878 eis
302 1813 456 1889 versibus
486 1813 539 1894 qui
562 1813 596 1875 in
618 1817 755 1894 utroque
778 1832 894 1893 genere
916 1813 1022 1893 poesis
1045 1812 1248 1888 adhibentur,
1271 1811 1469 1876 simillimam

173 1937 211 1980 ac
242 1917 309 1980 fere
332 1915 468 1979 eandem
498 1919 602 1979 artem
631 1916 798 1979 metricam
820 1916 920 1999 sequi.
967 1915 1063 1992 Quod
1091 1916 1174 1979 inter
1201 1915 1370 1979 Romanos
1397 1934 1469 1978 non

172 2021 218 2083 ita
238 2020 384 2084 mirabile
406 2018 541 2095 videtur,
565 2038 639 2081 cum
662 2018 793 2082 eosdem
810 2019 947 2083 sciamus
964 2023 1078 2099 poetas
1095 2019 1222 2100 utrique
1238 2019 1344 2099 poesis
1356 2019 1470 2099 generi

174 2143 308 2204 operam
326 2121 460 2185 dedisse.
497 2121 609 2202 Itaque
629 2120 716 2197 nihil,
735 2125 824 2202 puto,
844 2120 986 2202 impedit,
1009 2121 1180 2201 quominus
1198 2142 1252 2186 eas
1270 2122 1366 2203 legeS,
1385 2141 1469 2202 quas

173 2226 260 2307 apud
280 2224 419 2288 comicos
442 2224 578 2287 vidimus
597 2224 712 2300 valere,
736 2224 768 2287 in
790 2225 929 2305 tragicos
950 2227 1065 2306 poetas
1086 2224 1328 2288 transferamus.

260 2327 328 2391 Nec
361 2327 463 2406 magis
492 2331 677 2408 temporum
705 2327 851 2404 varietas,
887 2328 1033 2408 quamvis
1061 2328 1094 2390 in
1122 2347 1188 2391 una
1216 2347 1250 2391 re
1278 2327 1470 2392 Terentium

178 2430 394 2495 invenerimus
416 2429 625 2509 licentiorem,
648 2431 692 2493 ita
714 2430 853 2494 mulium
875 2430 1083 2494 dubitationis
1105 2431 1202 2495 debet
1224 2431 1348 2494 afferre.
1382 2431 1470 2495 Nam

175 2539 207 2598 et
227 2538 373 2598 veterum
389 2534 610 2597 scaenicorum
629 2534 684 2614 qui
703 2538 777 2599 sunt
795 2534 893 2614 paulo
910 2533 1067 2597 inferioris
1086 2534 1209 2611 aetatis,
1232 2536 1269 2597 ut
1287 2535 1468 2613 Terentius,

174 2658 241 2702 non
258 2637 341 2701 adeo
355 2636 444 2699 obliti
463 2639 538 2700 sunt
555 2637 713 2700 maiorum
726 2641 838 2713 artem,
857 2640 891 2699 ut
904 2655 1016 2699 eorum
1027 2636 1113 2716 leges
1124 2655 1256 2717 prorsus
1267 2641 1467 2718 spernerent,

175 2746 206 2806 et
239 2741 384 2804 omnium
411 2739 649 2820 antiquissimus
679 2738 730 2803 ille
757 2740 863 2804 Livius
884 2739 1099 2816 Andronicus,
1128 2759 1225 2821 quem
1254 2740 1287 2802 in
1310 2739 1466 2804 Saturniis

174 2845 319 2909 versibus
355 2837 625 2923 deprehendimus
653 2843 898 2919 severissimum,
932 2843 1012 2906 alius
1042 2843 1100 2906 fuit
1127 2843 1161 2905 in
1190 2842 1337 2905 scaenica
1367 2844 1467 2924 poesi.

175 2949 262 3012 Licet
292 2947 377 3010 enim
405 2949 493 3009 certo
524 2946 671 3027 exemplo
700 2946 912 3027 comprobare
942 2967 1016 3010 eum
1046 2946 1134 3010 nullo
1155 2947 1255 3008 modo
1274 2945 1470 3010 dubitavisse

175 3066 275 3114 unam
292 3047 485 3112 sententiam
504 3048 587 3111 inter
603 3069 715 3113 versus
731 3049 912 3130 complures
924 3050 1124 3113 distribuere.
1147 3048 1231 3112 Nam
1244 3048 1311 3111 eius
1322 3049 1468 3130 Aegisth.

175 3155 268 3234 frgm.
292 3153 305 3215 Ι
329 3150 404 3234 (sec.
416 3149 629 3213 Ribbeckium
641 3149 667 3234 2)
689 3152 760 3215 luce
783 3152 897 3215 clarius
921 3159 969 3216 est
986 3154 1030 3217 sic
1050 3155 1136 3217 recte
1154 3151 1366 3216 constitutum
1383 3172 1467 3216 esse:

546 3272 623 3315 nam
645 3257 681 3316 ut
702 3254 860 3336 Pergama

440 3355 587 3418 Accensa
609 3359 641 3419 et
663 3359 785 3437 praeda
806 3378 865 3439 per
887 3359 1060 3440 participes
1083 3359 1227 3440 aequiter

437 3457 560 3522 Partita
583 3463 640 3526 est.

263 3560 393 3627 Subicio
421 3561 620 3626 senariorum
651 3567 683 3627 et
709 3564 964 3645 septenariorum
987 3565 1167 3646 fragmenta
1190 3565 1361 3647 quaedam,
1385 3584 1469 3647 quae

177 3667 264 3749 apud
301 3663 538 3728 Ribbeckium²
578 3666 654 3729 mihi
688 3667 836 3731 videntur
865 3669 970 3732 minus
998 3674 1085 3733 recte
1115 3669 1267 3749 discripta
1295 3688 1373 3745 esse,
1403 3669 1469 3732 sive

178 3788 278 3851 opera
307 3767 448 3832 virorum
480 3768 658 3848 doctorum,
689 3770 772 3834 inter
802 3790 884 3852 quos
909 3773 1100 3852 praesertim
1122 3772 1197 3836 Luc.
1221 3772 1393 3835 Muellerus
1424 3772 1470 3856 (ct

177 3872 210 3936 in
233 3871 315 3935 Enni
346 3874 377 3933 et
407 3871 440 3934 in
462 3871 547 3935 Noni
569 3873 707 3936 Marcelli
737 3873 889 3957 editione)
919 3895 986 3938 non
1018 3874 1095 3938 nihil
1124 3875 1157 3939 in
1183 3876 1244 3938 hac
1266 3893 1301 3938 re
1323 3873 1470 3956 profecit,

178 3975 291 4038 melior
319 3973 480 4054 discriptio
509 3980 637 4056 reperta
667 3980 715 4040 est
744 3977 810 4040 sive
840 3977 908 4057 ipse
936 3978 1056 4060 aliquid
1085 3978 1176 4059 potui
1205 3976 1359 4058 proferre.
1409 3976 1470 4041 Hic

177 4082 274 4159 atque
297 4076 359 4139 illic
382 4079 645 4142 commemorabo
677 4080 774 4142 etiam
798 4098 853 4142 eos
882 4079 986 4157 locos,
1017 4081 1071 4144 ubi
1094 4082 1230 4145 aliorum
1271 4081 1470 4145 conamentis

178 4180 432 4244 Ribbeckianam
450 4181 689 4262 discriptionem
711 4185 876 4263 praestare
898 4182 1013 4246 iudico
1054 4183 1126 4261 Qua
1144 4183 1176 4247 in
1203 4203 1238 4246 re
1258 4183 1333 4247 inde
1355 4184 1471 4265 opinor

178 4282 448 4364 proficiscendum
469 4303 547 4360 esse,
566 4289 601 4348 ut
618 4304 685 4347 non
702 4284 808 4348 solum
822 4285 920 4348 talem
937 4274 1088 4350 versuum
1107 4286 1299 4350 discribendi
1311 4287 1470 4351 rationem

179 4387 356 4462 reiciamuS,
380 4405 464 4467 quae
484 4387 616 4450 omnino
634 4388 727 4451 nullis
747 4387 840 4450 certis
863 4388 1017 4469 exemplis
1039 4389 1169 4468 nitatur,
1193 4389 1250 4453 sed
1271 4390 1368 4453 etiam
1388 4410 1470 4468 earn,

179 4492 337 4570 quantum
348 4490 465 4569 potest,
478 4489 648 4570 fugiamus,
662 4509 747 4572 quae
759 4491 798 4553 sit
809 4510 883 4554 rara
894 4492 1062 4573 poetisquc
1071 4491 1176 4555 minus
1187 4497 1330 4575 accepta.
1351 4493 1469 4556 Tracto

180 4594 304 4655 autem:
