3286 5198
796 123 839 186 40

740 212 895 219 ——---

257 330 326 394 Iam
348 334 527 412 sequuntur
556 330 658 394 tribus
688 329 841 410 proximis
864 329 942 392 locis
972 348 1010 392 ea
1034 328 1196 408 exempla,
1226 326 1282 390 ubi
1309 329 1366 392 aut
1388 328 1468 391 sub·

170 434 288 497 lectum
319 437 375 497 aut
405 434 567 498 obiectum
599 435 655 496 aut
690 433 911 514 praedicatum
944 451 964 495 u
991 451 1050 494 sua
1079 431 1238 495 sententia
1267 451 1326 512 per
1355 450 1470 494 versus

171 536 291 600 exitum
321 540 506 618 separatum
535 535 586 599 vel
616 535 777 600 antecedit
804 535 854 598 vel
882 535 1033 617 sequitur.
1086 533 1177 611 Quae
1210 535 1359 616 exempla
1392 553 1470 599 cum

169 639 331 704 interdum
354 638 512 703 difficilius
533 638 695 702 videretur
718 638 880 715 ordinare,
904 639 962 702 has
990 639 1130 702 rationes
1152 657 1205 701 me
1227 641 1374 701 secutum
1396 657 1469 701 esse

170 742 336 807 confiteor.
388 741 547 825 Imprimis
570 741 666 822 igitur
688 741 720 805 id
744 741 807 823 egi,
839 745 874 804 ut
897 762 937 805 ex
960 742 1115 823 exemplis
1139 741 1261 805 collatis
1283 744 1467 822 appareret,

169 846 225 911 ubi
247 845 324 927 quid
346 845 451 909 solum
473 847 571 927 atque
594 864 614 907 a
636 844 758 926 reliqua
780 845 939 908 sententia
967 847 1151 926 separatum
1175 847 1308 908 extaret.
1352 843 1468 925 Itaque

170 968 226 1013 eos
254 948 360 1024 locos,
394 947 449 1011 ubi
478 947 657 1011 subiectum
686 967 797 1011 versus
823 947 887 1011 fine
917 947 1075 1024 avellitur,
1105 947 1327 1029 praedicatum
1356 951 1468 1011 autem

169 1071 235 1115 una
258 1070 331 1113 cum
355 1049 496 1126 obiecto,
520 1049 546 1114 si
569 1051 674 1128 adest,
698 1054 754 1114 aut
777 1070 850 1114 cum
873 1050 941 1114 aliis
963 1050 1097 1115 vocibus
1119 1052 1235 1116 eodem
1257 1070 1351 1116 versu
1375 1070 1466 1114 com·

169 1153 393 1237 prehenditur,
423 1154 489 1218 fere
511 1154 616 1234 primo
639 1154 710 1218 loco
734 1153 844 1235 posui3
876 1173 931 1218 eos
959 1160 1066 1217 autem
1089 1154 1195 1232 locos,
1224 1154 1280 1218 ubi
1302 1154 1468 1218 obiectum

169 1256 361 1338 seiungitur,
391 1255 571 1320 subiectum
594 1260 703 1320 autem
727 1277 800 1321 cum
822 1257 1008 1338 praedicato
1032 1257 1239 1321 coniunctum
1272 1260 1337 1334 est,
1361 1257 1466 1321 altero

170 1363 242 1425 loeo
266 1358 373 1435 attuli3
404 1359 459 1422 ubi
480 1378 557 1423 vero
588 1359 810 1441 praedicatum
840 1364 895 1423 aut
925 1359 1030 1424 solum
1060 1361 1220 1424 antecedit
1242 1361 1353 1425 autin
1375 1361 1467 1424 initio

169 1462 367 1545 insequentis
378 1481 489 1526 versus
508 1463 660 1544 sequitur,
680 1463 760 1526 haec
778 1464 887 1527 omnia
899 1465 1047 1545 exempla
1058 1463 1091 1527 in
1102 1464 1232 1528 tertium
1243 1463 1352 1528 locum
1364 1465 1465 1546 coegi.

493 1652 546 1733 lli.
588 1651 790 1733 Subiectum
819 1674 924 1733 versu
954 1651 1135 1733 dirimitur.

255 1793 441 1872 Antequam
463 1789 557 1853 huius
586 1790 675 1853 modi
698 1790 846 1872 exempla
867 1811 1005 1872 ponam,
1036 1790 1153 1854 mirum
1180 1792 1343 1873 quendam
1369 1813 1467 1856 usum

169 1895 325 1961 sermonis
348 1893 461 1957 comici
483 1894 593 1975 paucis
617 1894 863 1957 commemorari
885 1894 969 1958 volo.
1021 1894 1105 1958 Nam
1128 1914 1202 1958 cum
1224 1895 1256 1959 in
1278 1896 1468 1976 posterioris

168 1998 283 2065 aetatis
300 1997 383 2060 bene
395 1997 521 2060 exculta
540 1996 686 2059 oratione
702 2016 918 2077 pronomen
935 1999 1145 2078 personale
1166 2018 1233 2062 non
1250 1999 1310 2064 nisi
1322 2002 1378 2064 aut
1390 2019 1467 2063 cum

169 2100 314 2184 emphasi
336 2099 446 2163 autin
468 2099 650 2175 sententie,
674 2119 756 2180 quae
786 2104 861 2164 sunt
889 2101 1082 2178 contrariae,
1113 2102 1257 2166 adhiberi
1286 2102 1466 2181 videamus

168 2204 255 2287 apud
279 2202 419 2268 comicos
437 2238 477 2248 -
495 2202 528 2265 ni
544 2201 646 2278 fallor,
670 2203 712 2266 ad
729 2203 968 2267 similitudinem
991 2206 1147 2269 sermonis
1171 2206 1320 2269 cotidiani
1334 2225 1466 2286 -pro-

169 2326 288 2372 nomen
310 2305 497 2388 personale,
528 2304 683 2386 imprimis
706 2328 774 2391 eqo,
803 2310 925 2371 ceteras
948 2308 1068 2371 formas
1091 2308 1188 2390 paulo
1216 2309 1332 2385 rarius,
1362 2308 1466 2373 verbo

168 2431 324 2495 persaepe
346 2409 492 2474 additum
515 2408 703 2471 invenimus.
750 2409 845 2473 Extat
867 2410 957 2474 verbi
979 2412 1097 2492 gratia:

253 2515 341 2578 Trin.
365 2513 443 2577 301:
468 2512 603 2592 Semper
626 2530 697 2592 ego
720 2532 822 2593 usque
840 2514 882 2577 ad
898 2515 982 2578 hanc
1004 2516 1145 2578 aetatem
1166 2516 1209 2579 ab
1231 2517 1362 2580 ineunte
1381 2517 1465 2580 adu-

538 2614 717 2679 lescentia

478 2718 555 2782 Tuis
577 2718 692 2781 servivi
715 2720 902 2784 servitutem
924 2721 1063 2802 inperiis,
1086 2721 1275 2802 praeceptis,
1299 2726 1402 2803 pater.

361 2823 444 2886 3br:
480 2821 546 2885 Sed
569 2840 642 2902 ego
664 2823 727 2886 hoc
749 2823 885 2887 verbum
902 2843 1002 2905 quom
1024 2823 1067 2887 illi
1090 2824 1244 2906 quoidam
1261 2825 1343 2903 dico,
1366 2846 1465 2907 prae-

565 2929 688 2989 mostro
712 2926 769 2990 tibi
783 2977 789 2989 .
803 2975 809 2990 .
824 2976 831 2989 .

357 3029 437 3094 843:
594 3049 670 3092 nam
694 3049 766 3110 ego
790 3049 924 3111 operam
946 3050 1052 3094 meam

477 3131 594 3195 Trrhus
616 3133 756 3196 nummis
778 3133 875 3198 hodie
896 3133 1001 3198 locavi
1023 3134 1064 3198 ad
1087 3135 1164 3199 artis
1187 3136 1402 3217 naugatorias

255 3235 370 3301 Pseud.
397 3235 496 3299 1197:
654 3236 747 3316 proin
770 3240 813 3299 tu
835 3236 995 3301 Pseudolo

508 3329 658 3402 *Nunties
686 3339 858 3404 abduxisse
888 3341 986 3404 alium
1014 3340 1178 3422 praedam.

255 3442 400 3523 Itemque
423 3440 456 3504 in
478 3441 611 3504 senariis
632 3441 761 3524 ubique,
784 3444 885 3509 velut:

253 3545 340 3609 Trin.
365 3545 424 3607 25:
581 3563 658 3608 nam
681 3565 750 3627 ego
774 3547 913 3612 amicum
936 3548 1032 3612 hodie
1055 3567 1164 3612 meum

448 3644 685 3728 Concastigabo
708 3669 767 3730 pro
792 3652 970 3715 conmerita
992 3651 1098 3717 noxia.

366 3750 424 3814 67:
458 3748 542 3813 Nam
566 3769 635 3831 ego
659 3751 767 3816 dedita
790 3773 890 3835 opera
912 3754 975 3818 huc
997 3754 1040 3818 ad
1062 3757 1095 3818 te
1116 3756 1220 3818 venio.

252 3853 316 3918 Mil.
340 3852 419 3935 glor.
443 3853 521 3917 857:
677 3874 746 3919 vos
769 3856 800 3919 in
824 3856 904 3921 cella
925 3857 1048 3922 vinaria

541 3955 722 4022 Bacchanal
746 3960 856 4024 facitis.

252 4059 348 4124 Addo
370 4058 459 4122 Asin.
483 4059 563 4122 bae:
595 4059 680 4125 Dum
697 4064 857 4143 reperiam
877 4064 931 4145 qui
951 4064 1109 4146 quaeritet
1126 4068 1296 4146 argentum
1312 4066 1345 4130 in
1357 4067 1463 4148 fenus,

688 4166 740 4229 hic
762 4186 833 4230 vos

590 4267 742 4332 Dormitis
779 4269 901 4335 interea
938 4272 1026 4335 domi
1059 4276 1156 4354 atque
1191 4291 1264 4336 erus
1303 4273 1336 4337 in
1369 4274 1462 4355 hara,

698 4371 785 4435 haud
807 4372 940 4436 aedibus
962 4373 1097 4438 habitat.

253 4471 336 4537 Rud.
357 4473 455 4536 1305:
486 4473 590 4538 Immo
611 4475 727 4556 edepol
750 4495 815 4539 una
831 4475 937 4540 littera
955 4477 1026 4559 plus
1044 4497 1116 4542 sum
1139 4498 1237 4560 quam
1260 4479 1413 4548 medicus.
1430 4487 1458 4547 sst

580 4577 664 4641 Tum
686 4582 730 4641 tu
753 4576 765 4663 ll
790 4578 953 4644 Mendicus
977 4584 1035 4646 es?
