3286 5198
257 1139 301 1260 In
334 1195 441 1278 prisca
474 1194 566 1277 poesi
595 1194 819 1258 Romanorum
848 1194 1017 1258 tractanda
1051 1212 1124 1257 cum
1158 1193 1220 1258 hac
1252 1193 1322 1276 ipsa
1355 1195 1462 1258 aetate

173 1298 348 1364 multorum
369 1298 512 1363 virorum
535 1298 703 1362 doctorum
722 1316 822 1380 opera
840 1300 968 1362 versata
985 1297 1026 1360 sit
1041 1299 1139 1378 atque
1155 1297 1231 1361 inde
1248 1315 1268 1360 a
1284 1295 1462 1360 Ritsohelio

172 1403 259 1485 leges
282 1402 441 1468 sermonis
463 1405 610 1466 veterum
632 1401 760 1466 illorum
776 1405 947 1484 poetarum
963 1401 997 1464 in
1015 1400 1084 1465 dies
1103 1399 1218 1464 melius
1236 1403 1462 1481 agnoscantur,

171 1511 283 1571 tamen
314 1509 346 1570 et
374 1505 437 1570 alia
467 1524 637 1587 superesse
664 1505 744 1569 mihi
771 1505 920 1569 videntur
946 1504 979 1568 in
1008 1522 1092 1585 quae
1118 1503 1309 1587 inquiratur.
1320 1505 1352 1567 et
1373 1501 1462 1580 illud,

172 1612 208 1673 ut
218 1609 316 1691 paulo
327 1608 509 1689 diligentius
528 1612 717 1689 exponatur,
729 1626 810 1689 quas
827 1607 969 1672 rationes
985 1607 1018 1671 in
1035 1606 1203 1671 sententiis
1219 1607 1304 1670 inter
1319 1605 1463 1688 singulos

172 1733 284 1777 versus
313 1710 542 1775 distribuendis
568 1710 665 1791 prisci
693 1710 739 1774 illi
765 1710 904 1775 scaenici
933 1747 974 1757 -
1003 1729 1082 1774 nam
1111 1710 1153 1774 de
1180 1709 1231 1773 his
1258 1709 1464 1790 potissimum

172 1815 252 1879 libet
273 1833 369 1895 agere
392 1850 432 1860 -
456 1812 556 1877 secuti
579 1814 652 1877 sint.
692 1813 791 1877 Cuius
813 1813 870 1890 rei,
893 1833 967 1878 cum
989 1813 1068 1878 satis
1091 1813 1188 1894 digna
1211 1813 1358 1877 videatur
1379 1831 1464 1894 quae

172 1917 270 1999 paulo
294 1916 477 1997 diligentius
499 1918 664 1993 tractetur,
687 1916 866 1998 periculum
887 1914 994 1981 facere
1016 1915 1097 1980 mihi
1119 1918 1168 1980 est
1189 1916 1403 1998 propositum.

261 2019 296 2084 Si
324 2018 420 2084 nullis
450 2018 583 2083 omnino
616 2019 754 2083 cuiusvis
783 2019 887 2100 gentis
916 2019 1071 2101 exemplis
1104 2019 1310 2100 comprobari
1342 2022 1464 2100 posset,
1482 2051 1638 2104 qmflo.

173 2125 285 2187 tamen
307 2123 442 2187 dubium
463 2142 530 2187 non
553 2126 654 2198 esset,
678 2122 756 2204 quin
778 2122 942 2200 homines,
966 2142 1039 2187 oum
1061 2123 1203 2204 primum
1224 2142 1337 2187 versus
1359 2122 1465 2187 facere
1488 2104 1637 2203 ,fflffi

174 2224 367 2307 inciperent,
401 2225 572 2306 unicuique
607 2225 787 2289 sententiae
820 2225 872 2290 vel
906 2226 1045 2306 cogitato
1078 2245 1180 2289 unum
1212 2244 1341 2290 versum
1373 2225 1465 2290 attri-
1492 2211 1563 2307 ἔξω
1576 2218 1631 2305 ⁸⁰3,

174 2327 313 2392 buerint.
336 2328 449 2409 Neque
466 2347 547 2410 opus
563 2330 612 2392 est
629 2327 694 2391 late
712 2328 972 2410 circumspicere:
991 2348 1070 2394 nam
1085 2329 1231 2410 ipsorum
1241 2329 1467 2394 Romanorum
1488 2316 1564 2422 ¹212,
1578 2315 1638 2419 ωε

175 2430 324 2512 exemplo
358 2431 601 2512 quodammodo
635 2450 705 2495 rem
738 2449 913 2511 possumus
945 2431 1141 2513 intellegere.
1198 2432 1279 2497 Ecce
1313 2432 1400 2498 enim
1433 2432 1467 2496 in
1495 2420 1632 2516 fflffll

174 2534 324 2598 manibus
348 2537 423 2598 sunt
444 2533 518 2598 illae
536 2533 761 2599 Saturniorum
783 2553 936 2598 versuum
957 2534 1121 2616 reliquiae,
1145 2555 1185 2600 ex
1207 2535 1323 2618 quibus
1344 2535 1467 2618 aliquid
1540 2525 1587 2568 tur.

174 2637 253 2702 lucri
269 2637 343 2702 licet
360 2637 477 2704 facere.
513 2635 599 2715 Quid
616 2637 712 2714 enim,
736 2637 763 2700 si
781 2637 889 2700 Livius
905 2637 1120 2715 Andronicus
1143 2638 1199 2720 qui
1217 2639 1341 2720 primus
1357 2639 1466 2703 Musas

174 2740 273 2804 latine
294 2740 383 2822 loqui
405 2740 586 2818 assuefecit,
609 2740 642 2803 in
657 2739 803 2804 versibus
822 2739 954 2822 singulis
971 2741 1203 2823 sententiisque
1218 2742 1303 2806 inter
1318 2762 1353 2806 se
1370 2760 1466 2807 exae-

175 2844 314 2924 quandis
331 2843 553 2908 severissimus
571 2843 737 2924 multoque
753 2843 813 2907 fuit
831 2843 955 2908 cautior
972 2862 1071 2925 quam
1081 2848 1194 2909 auctor
1206 2845 1274 2910 eius
1285 2845 1467 2910 Homerus?

174 2946 259 3010 Nam
289 2950 519 3029 praeterquam
548 2947 636 3028 quod
668 2952 784 3011 natura
814 2966 873 3010 sua
905 2967 1018 3012 versus
1048 2947 1218 3012 Saturnius
1251 2948 1385 3012 minime
1419 2950 1468 3012 est

175 3049 323 3114 volubilis
347 3054 379 3114 et
401 3050 472 3114 usui
494 3050 726 3132 lapidariorum
748 3051 851 3132 magis
872 3055 969 3116 natus
991 3051 1118 3115 videtur
1137 3070 1317 3133 quamquo
1338 3070 1469 3115 carmen

176 3153 302 3235 epicum
325 3153 556 3230 conscribatur,
582 3153 679 3217 etiarn
703 3152 796 3217 certis
816 3154 970 3236 exemplis
987 3174 1057 3218 rem
1073 3155 1286 3237 comprobare
1303 3174 1355 3218 me
1370 3173 1469 3236 posse

176 3277 281 3339 spero.
336 3257 550 3321 Conferamus
589 3256 684 3338 igitur
722 3257 882 3338 quosdam
919 3276 1032 3321 versus
1065 3257 1257 3322 Homericos
1295 3277 1369 3322 oum
1401 3256 1470 3321 Livi

176 3359 353 3425 Andronici
375 3360 523 3425 versione
546 3358 698 3442 latina:¹)

261 3463 358 3527 Hom.
372 3465 425 3528 od.
438 3463 461 3541 l,
477 3465 507 3526 1:
523 3454 634 3547 ’Ἄνδρα
647 3487 697 3546 μοι
710 3461 822 3542 ἔννεπε,
834 3462 954 3545 Μοῦσα,
968 3464 1164 3548 πολύτροπον,
1177 3453 1210 3536 ὃς
1222 3465 1303 3550 μάλα
1313 3464 1431 3529 πολλὰ.
1446 3510 1470 3528 ..

264 3566 324 3629 Od.
348 3567 402 3630 lat.
425 3567 519 3648 frgm.
542 3566 571 3630 I:
606 3566 717 3629 Virum
739 3565 828 3642 mihi,
852 3565 1005 3643 Camena,
1028 3564 1372 3650 insece2jvers1'1tum.

263 3667 360 3732 Horn.
384 3670 437 3733 od.
461 3670 512 3747 Ill,
536 3669 599 3735 237
614 3689 677 3750 sq:
835 3671 946 3734 ὁππότε
970 3694 1021 3734 κεν
1046 3673 1082 3754 δὴ

694 3771 782 3857 Μοῖρ’
807 3774 882 3857 ὀλοὴ
905 3773 1053 3857 καθέλῃσι
1073 3775 1252 3857 τανηλεγέος
1275 3775 1424 3839 θανάτοιο.

264 3874 324 3938 Od.
342 3875 396 3940 lat.
414 3875 508 3956 frgrn.
524 3876 596 3941 XII:
621 3876 761 3954 Quando
785 3876 854 3940 dies
877 3876 1036 3953 adveniet,
1060 3880 1155 3958 quem
1179 3877 1308 3959 profata
1324 3878 1471 3942 Mortast.

179 4000 181 4003 ’
263 3977 359 4041 Hom.
374 3978 427 4042 od.
437 3978 486 4056 VI,
501 3979 634 4060 995'sqn
648 3971 751 4044 Ἔνθα
763 3981 976 4064 καθεζόμενος,
993 3988 1088 4063 μεῖναι
1106 3981 1224 4066 χρόνον,
1243 3983 1283 4052 εἰς
1295 3967 1313 4044 θ’
1324 4005 1375 4045 κεν
1386 3983 1472 4065 ἡμεῖς

644 4074 768 4149 ’Aornis
782 4077 836 4168 [τ’]
850 4082 986 4168 ἔλθωμεν
1004 4085 1055 4149 καὶ
1066 4085 1201 4167 ἱκώμεθα
1213 4085 1336 4167 δώματα
1352 4084 1472 4167 πατρὸς.

263 4253 284 4318 1)
311 4253 383 4307 Usus
402 4271 464 4307 cum
479 4252 591 4307 Luciani
603 4253 722 4308 Muelleri
738 4255 816 4320 libro,
836 4255 882 4324 qui
900 4254 1072 4309 inscribitur:¹
1089 4255 1143 4309 Der
1156 4254 1325 4309 saturnisohe
1338 4255 1403 4308 Vers
1417 4255 1473 4308 und

177 4339 251 4392 seine
268 4339 440 4405 Denkmaler,
460 4338 567 4407 Leipzig
586 4339 667 4404 1885;
690 4345 829 4408 praeterea
847 4341 981 4394 Horetum
1000 4339 1044 4408 (de
1062 4341 1190 4395 Saturnio
1208 4340 1367 4394 Latinorum
1384 4356 1472 4405 versu,

178 4424 286 4478 Parisiis
306 4426 385 4490 1880)
405 4425 538 4479 consului.
1267 4428 1269 4431 ’

264 4509 287 4578 ²)
315 4512 354 4564 De
372 4527 500 4565 mensura
517 4511 606 4579 possis
624 4509 755 4568 dubitare.

1214 4616 1226 4668 1
