<?xml version="1.0" encoding="UTF-8"?>
<!DOCTYPE html PUBLIC "-//W3C//DTD XHTML 1.0 Transitional//EN"
    "http://www.w3.org/TR/xhtml1/DTD/xhtml1-transitional.dtd">
<html xmlns="http://www.w3.org/1999/xhtml" xml:lang="en" lang="en">
 <head>
  <title>
</title>
<meta http-equiv="Content-Type" content="text/html;charset=utf-8" />
  <meta name='ocr-system' content='tesseract 3.04.00' />
  <meta name='ocr-capabilities' content='ocr_page ocr_carea ocr_par ocr_line ocrx_word'/>
</head>
<body>
  <div class='ocr_page' id='page_1' title='image "./quaestionesplau00appugoog_0081.png"; bbox 0 0 3284 5214; ppageno 0'>
   <div class='ocr_carea' id='block_1_1' title="bbox 169 340 1465 4269">
    <p class='ocr_par' dir='ltr' id='par_1_1' title="bbox 253 340 1462 1980">
     <span class='ocr_line' id='line_1_1' title="bbox 254 340 1173 434; baseline -0.004 -17"><span class='ocrx_word' id='word_1_1' title='bbox 254 352 354 417; x_wconf 92' lang='lat' dir='ltr'>Poen.</span> <span class='ocrx_word' id='word_1_2' title='bbox 377 340 455 417; x_wconf 80' lang='lat'>588:</span> <span class='ocrx_word' id='word_1_3' title='bbox 612 355 712 434; x_wconf 84' lang='lat' dir='ltr'>quom</span> <span class='ocrx_word' id='word_1_4' title='bbox 736 371 774 415; x_wconf 93' lang='lat' dir='ltr'>eo</span> <span class='ocrx_word' id='word_1_5' title='bbox 798 371 897 433; x_wconf 89' lang='lat' dir='ltr'>quom</span> <span class='ocrx_word' id='word_1_6' title='bbox 920 349 1040 431; x_wconf 81' lang='lat' dir='ltr'>quiqui,</span> <span class='ocrx_word' id='word_1_7' title='bbox 1063 354 1173 415; x_wconf 88' lang='lat' dir='ltr'>tamen</span> 
     </span>
     <span class='ocr_line' id='line_1_2' title="bbox 480 439 974 536; baseline 0 -18"><span class='ocrx_word' id='word_1_8' title='bbox 480 439 519 518; x_wconf 75' lang='lat' dir='ltr'>Et</span> <span class='ocrx_word' id='word_1_9' title='bbox 541 455 625 518; x_wconf 90' lang='lat' dir='ltr'>hene</span> <span class='ocrx_word' id='word_1_10' title='bbox 647 458 680 519; x_wconf 90' lang='lat' dir='ltr'>et</span> <span class='ocrx_word' id='word_1_11' title='bbox 701 455 840 536; x_wconf 83' lang='lat' dir='ltr'>henigne</span> <span class='ocrx_word' id='word_1_12' title='bbox 862 454 974 518; x_wconf 85' lang='lat' dir='ltr'>facitis.</span> 
     </span>
     <span class='ocr_line' id='line_1_3' title="bbox 380 557 1325 639; baseline -0.002 -17"><span class='ocrx_word' id='word_1_13' title='bbox 380 558 455 622; x_wconf 85' lang='lat'>196:</span> <span class='ocrx_word' id='word_1_14' title='bbox 483 557 688 639; x_wconf 79' lang='lat' dir='ltr'>Quamquam</span> <span class='ocrx_word' id='word_1_15' title='bbox 711 557 835 639; x_wconf 88' lang='lat' dir='ltr'>Cupido</span> <span class='ocrx_word' id='word_1_16' title='bbox 858 559 890 622; x_wconf 93' lang='lat' dir='ltr'>in</span> <span class='ocrx_word' id='word_1_17' title='bbox 914 558 1011 623; x_wconf 89' lang='lat' dir='ltr'>corde</span> <span class='ocrx_word' id='word_1_18' title='bbox 1033 560 1191 633; x_wconf 82' lang='lat' dir='ltr'>vorsatur,</span> <span class='ocrx_word' id='word_1_19' title='bbox 1214 560 1325 621; x_wconf 88' lang='lat' dir='ltr'>tamen</span> 
     </span>
     <span class='ocr_line' id='line_1_4' title="bbox 482 660 776 725; baseline 0.003 -1"><span class='ocrx_word' id='word_1_20' title='bbox 482 660 555 724; x_wconf 87' lang='lat' dir='ltr'>Tibi</span> <span class='ocrx_word' id='word_1_21' title='bbox 577 660 776 725; x_wconf 83' lang='lat' dir='ltr'>auscultabo.</span> 
     </span>
     <span class='ocr_line' id='line_1_5' title="bbox 255 764 1404 846; baseline -0.003 -17"><span class='ocrx_word' id='word_1_22' title='bbox 255 764 347 846; x_wconf 87' lang='lat' dir='ltr'>Capt.</span> <span class='ocrx_word' id='word_1_23' title='bbox 372 764 449 828; x_wconf 69' lang='lat'>742:</span> <span class='ocrx_word' id='word_1_24' title='bbox 480 764 520 829; x_wconf 84' lang='lat' dir='ltr'>Et</span> <span class='ocrx_word' id='word_1_25' title='bbox 541 768 567 829; x_wconf 93' lang='lat' dir='ltr'>si</span> <span class='ocrx_word' id='word_1_26' title='bbox 588 765 719 846; x_wconf 83' lang='lat' dir='ltr'>pervivo</span> <span class='ocrx_word' id='word_1_27' title='bbox 743 784 845 846; x_wconf 89' lang='lat' dir='ltr'>usque</span> <span class='ocrx_word' id='word_1_28' title='bbox 868 764 910 828; x_wconf 89' lang='lat' dir='ltr'>ad</span> <span class='ocrx_word' id='word_1_29' title='bbox 932 782 1094 827; x_wconf 90' lang='lat' dir='ltr'>summam</span> <span class='ocrx_word' id='word_1_30' title='bbox 1116 765 1268 840; x_wconf 79' lang='lat' dir='ltr'>aetatem,</span> <span class='ocrx_word' id='word_1_31' title='bbox 1291 765 1404 827; x_wconf 86' lang='lat' dir='ltr'>tamen</span> 
     </span>
     <span class='ocr_line' id='line_1_6' title="bbox 480 864 1319 949; baseline -0.004 -18"><span class='ocrx_word' id='word_1_32' title='bbox 480 867 582 933; x_wconf 87' lang='lat' dir='ltr'>Breve</span> <span class='ocrx_word' id='word_1_33' title='bbox 605 868 744 949; x_wconf 80' lang='lat' dir='ltr'>spatium</span> <span class='ocrx_word' id='word_1_34' title='bbox 766 867 952 949; x_wconf 85' lang='lat' dir='ltr'>perferundi</span> <span class='ocrx_word' id='word_1_35' title='bbox 974 886 1058 948; x_wconf 92' lang='lat' dir='ltr'>quae</span> <span class='ocrx_word' id='word_1_36' title='bbox 1079 866 1208 930; x_wconf 80' lang='lat' dir='ltr'>minitas</span> <span class='ocrx_word' id='word_1_37' title='bbox 1231 864 1319 929; x_wconf 92' lang='lat' dir='ltr'>mihi.</span> 
     </span>
     <span class='ocr_line' id='line_1_7' title="bbox 253 969 1462 1055; baseline -0.002 -21"><span class='ocrx_word' id='word_1_38' title='bbox 253 969 341 1035; x_wconf 87' lang='lat' dir='ltr'>Trio.</span> <span class='ocrx_word' id='word_1_39' title='bbox 368 970 445 1035; x_wconf 68' lang='lat'><strong>120:</strong></span> <span class='ocrx_word' id='word_1_40' title='bbox 481 973 626 1053; x_wconf 73' lang='lat' dir='ltr'>(operam</span> <span class='ocrx_word' id='word_1_41' title='bbox 638 971 728 1055; x_wconf 89' lang='lat' dir='ltr'>dare)</span> <span class='ocrx_word' id='word_1_42' title='bbox 743 971 777 1036; x_wconf 90' lang='lat' dir='ltr'>Si</span> <span class='ocrx_word' id='word_1_43' title='bbox 796 974 851 1053; x_wconf 92' lang='lat' dir='ltr'>qui</span> <span class='ocrx_word' id='word_1_44' title='bbox 865 970 1050 1053; x_wconf 86' lang='lat' dir='ltr'>probiorem</span> <span class='ocrx_word' id='word_1_45' title='bbox 1066 970 1171 1033; x_wconf 87' lang='lat' dir='ltr'>facere</span> <span class='ocrx_word' id='word_1_46' title='bbox 1189 988 1311 1051; x_wconf 79' lang='lat' dir='ltr'>possea,</span> <span class='ocrx_word' id='word_1_47' title='bbox 1328 987 1396 1033; x_wconf 92' lang='lat' dir='ltr'>non</span> <span class='ocrx_word' id='word_1_48' title='bbox 1415 969 1462 1033; x_wconf 90' lang='lat' dir='ltr'>uti</span> 
     </span>
     <span class='ocr_line' id='line_1_8' title="bbox 481 1071 1159 1139; baseline -0.003 -1"><span class='ocrx_word' id='word_1_49' title='bbox 481 1073 518 1138; x_wconf 90' lang='lat' dir='ltr'>In</span> <span class='ocrx_word' id='word_1_50' title='bbox 541 1073 678 1139; x_wconf 79' lang='lat' dir='ltr'>eandem</span> <span class='ocrx_word' id='word_1_51' title='bbox 700 1079 769 1139; x_wconf 91' lang='lat' dir='ltr'>tute</span> <span class='ocrx_word' id='word_1_52' title='bbox 792 1074 961 1139; x_wconf 81' lang='lat' dir='ltr'>accederes</span> <span class='ocrx_word' id='word_1_53' title='bbox 984 1071 1159 1137; x_wconf 83' lang='lat' dir='ltr'>infamiam.</span> 
     </span>
     <span class='ocr_line' id='line_1_9' title="bbox 254 1174 1462 1259; baseline -0.001 -19"><span class='ocrx_word' id='word_1_54' title='bbox 254 1174 373 1257; x_wconf 87' lang='lat' dir='ltr'>Amph.</span> <span class='ocrx_word' id='word_1_55' title='bbox 397 1176 476 1241; x_wconf 69' lang='lat'>214:</span> <span class='ocrx_word' id='word_1_56' title='bbox 506 1177 719 1259; x_wconf 79' lang='lat' dir='ltr'>Respondent</span> <span class='ocrx_word' id='word_1_57' title='bbox 736 1177 822 1242; x_wconf 93' lang='lat' dir='ltr'>hello</span> <span class='ocrx_word' id='word_1_58' title='bbox 840 1198 874 1241; x_wconf 93' lang='lat' dir='ltr'>se</span> <span class='ocrx_word' id='word_1_59' title='bbox 891 1181 923 1240; x_wconf 89' lang='lat' dir='ltr'>et</span> <span class='ocrx_word' id='word_1_60' title='bbox 940 1195 1015 1240; x_wconf 88' lang='lat' dir='ltr'>suos</span> <span class='ocrx_word' id='word_1_61' title='bbox 1027 1176 1125 1239; x_wconf 91' lang='lat' dir='ltr'>tutari</span> <span class='ocrx_word' id='word_1_62' title='bbox 1136 1196 1243 1257; x_wconf 77' lang='lat' dir='ltr'>posse,</span> <span class='ocrx_word' id='word_1_63' title='bbox 1260 1175 1398 1257; x_wconf 89' lang='lat' dir='ltr'>proinde</span> <span class='ocrx_word' id='word_1_64' title='bbox 1415 1176 1462 1240; x_wconf 94' lang='lat' dir='ltr'>uti</span> 
     </span>
     <span class='ocr_line' id='line_1_10' title="bbox 508 1279 1391 1362; baseline -0.001 -19"><span class='ocrx_word' id='word_1_65' title='bbox 508 1280 692 1362; x_wconf 81' lang='lat' dir='ltr'>Properiter</span> <span class='ocrx_word' id='word_1_66' title='bbox 715 1282 755 1345; x_wconf 90' lang='lat' dir='ltr'>de</span> <span class='ocrx_word' id='word_1_67' title='bbox 776 1280 841 1345; x_wconf 89' lang='lat' dir='ltr'>suis</span> <span class='ocrx_word' id='word_1_68' title='bbox 864 1280 981 1344; x_wconf 87' lang='lat' dir='ltr'>tinibus</span> <span class='ocrx_word' id='word_1_69' title='bbox 1004 1280 1161 1344; x_wconf 87' lang='lat' dir='ltr'>exercitus</span> <span class='ocrx_word' id='word_1_70' title='bbox 1183 1279 1391 1343; x_wconf 77' lang='lat' dir='ltr'>deducerent.</span> 
     </span>
     <span class='ocr_line' id='line_1_11' title="bbox 254 1381 1319 1467; baseline 0.001 -22"><span class='ocrx_word' id='word_1_71' title='bbox 254 1382 340 1446; x_wconf 89' lang='lat' dir='ltr'>Rud.</span> <span class='ocrx_word' id='word_1_72' title='bbox 363 1383 427 1447; x_wconf 94' lang='grc'>488</span> <span class='ocrx_word' id='word_1_73' title='bbox 440 1381 483 1467; x_wconf 87' lang='lat'>¹):</span> <span class='ocrx_word' id='word_1_74' title='bbox 511 1382 661 1465; x_wconf 89' lang='lat' dir='ltr'>Deosque</span> <span class='ocrx_word' id='word_1_75' title='bbox 683 1383 873 1448; x_wconf 88' lang='lat' dir='ltr'>immortalis</span> <span class='ocrx_word' id='word_1_76' title='bbox 896 1403 1027 1465; x_wconf 70' lang='lat' dir='ltr'>quaeso</span> <span class='ocrx_word' id='word_1_77' title='bbox 1051 1383 1129 1446; x_wconf 92' lang='lat' dir='ltr'>dum</span> <span class='ocrx_word' id='word_1_78' title='bbox 1150 1383 1248 1460; x_wconf 86' lang='lat' dir='ltr'>vivas,</span> <span class='ocrx_word' id='word_1_79' title='bbox 1272 1383 1319 1446; x_wconf 93' lang='lat' dir='ltr'>uti</span> 
     </span>
     <span class='ocr_line' id='line_1_12' title="bbox 514 1484 1223 1568; baseline -0.001 -19"><span class='ocrx_word' id='word_1_80' title='bbox 514 1484 626 1551; x_wconf 91' lang='lat' dir='ltr'>Omnis</span> <span class='ocrx_word' id='word_1_81' title='bbox 647 1487 694 1550; x_wconf 95' lang='lat' dir='ltr'>tui</span> <span class='ocrx_word' id='word_1_82' title='bbox 716 1486 826 1550; x_wconf 90' lang='lat' dir='ltr'>similis</span> <span class='ocrx_word' id='word_1_83' title='bbox 847 1486 990 1568; x_wconf 86' lang='lat' dir='ltr'>hospites</span> <span class='ocrx_word' id='word_1_84' title='bbox 1012 1485 1135 1550; x_wconf 89' lang='lat' dir='ltr'>habeas</span> <span class='ocrx_word' id='word_1_85' title='bbox 1156 1485 1223 1549; x_wconf 89' lang='lat' dir='ltr'>tibi.</span> 
     </span>
     <span class='ocr_line' id='line_1_13' title="bbox 256 1587 1309 1672; baseline 0 -19"><span class='ocrx_word' id='word_1_86' title='bbox 256 1587 348 1670; x_wconf 86' lang='lat' dir='ltr'>Capt.</span> <span class='ocrx_word' id='word_1_87' title='bbox 373 1589 452 1654; x_wconf 77' lang='grc' dir='ltr'>784ε</span> <span class='ocrx_word' id='word_1_88' title='bbox 482 1589 530 1654; x_wconf 90' lang='lat' dir='ltr'>lbi</span> <span class='ocrx_word' id='word_1_89' title='bbox 553 1610 652 1672; x_wconf 91' lang='lat' dir='ltr'>quom</span> <span class='ocrx_word' id='word_1_90' title='bbox 675 1590 727 1654; x_wconf 81' lang='lat' dir='ltr'>alii</span> <span class='ocrx_word' id='word_1_91' title='bbox 751 1592 886 1654; x_wconf 88' lang='lat' dir='ltr'>octonos</span> <span class='ocrx_word' id='word_1_92' title='bbox 908 1589 1030 1670; x_wconf 89' lang='lat' dir='ltr'>lapides</span> <span class='ocrx_word' id='word_1_93' title='bbox 1053 1587 1226 1667; x_wconf 80' lang='lat' dir='ltr'>ecfodiunt‚</span> <span class='ocrx_word' id='word_1_94' title='bbox 1249 1589 1309 1653; x_wconf 93' lang='lat' dir='ltr'>nisi</span> 
     </span>
     <span class='ocr_line' id='line_1_14' title="bbox 485 1692 1088 1774; baseline -0.002 -16"><span class='ocrx_word' id='word_1_95' title='bbox 485 1692 669 1758; x_wconf 87' lang='lat' dir='ltr'>Cottidiano</span> <span class='ocrx_word' id='word_1_96' title='bbox 692 1693 881 1774; x_wconf 89' lang='lat' dir='ltr'>sesquiopus</span> <span class='ocrx_word' id='word_1_97' title='bbox 904 1692 1088 1757; x_wconf 89' lang='lat' dir='ltr'>confeceris.</span> 
     </span>
     <span class='ocr_line' id='line_1_15' title="bbox 258 1793 1325 1877; baseline 0 -18"><span class='ocrx_word' id='word_1_98' title='bbox 258 1793 350 1859; x_wconf 88' lang='lat' dir='ltr'>Cure.</span> <span class='ocrx_word' id='word_1_99' title='bbox 374 1796 432 1859; x_wconf 87' lang='lat'>51:</span> <span class='ocrx_word' id='word_1_100' title='bbox 466 1795 548 1861; x_wconf 87' lang='lat' dir='ltr'>Tam</span> <span class='ocrx_word' id='word_1_101' title='bbox 572 1816 592 1860; x_wconf 96' lang='lat' dir='ltr'>a</span> <span class='ocrx_word' id='word_1_102' title='bbox 614 1801 666 1860; x_wconf 78' lang='lat' dir='ltr'>rue</span> <span class='ocrx_word' id='word_1_103' title='bbox 688 1796 845 1876; x_wconf 81' lang='lat' dir='ltr'>pudicast,</span> <span class='ocrx_word' id='word_1_104' title='bbox 868 1795 959 1877; x_wconf 89' lang='lat' dir='ltr'>quasi</span> <span class='ocrx_word' id='word_1_105' title='bbox 981 1815 1074 1859; x_wconf 88' lang='lat' dir='ltr'>soror</span> <span class='ocrx_word' id='word_1_106' title='bbox 1096 1815 1170 1859; x_wconf 90' lang='lat' dir='ltr'>mea</span> <span class='ocrx_word' id='word_1_107' title='bbox 1191 1796 1241 1872; x_wconf 86' lang='lat' dir='ltr'>sit,</span> <span class='ocrx_word' id='word_1_108' title='bbox 1265 1795 1325 1859; x_wconf 91' lang='lat' dir='ltr'>nisi</span> 
     </span>
     <span class='ocr_line' id='line_1_16' title="bbox 464 1897 1128 1980; baseline 0 -18"><span class='ocrx_word' id='word_1_109' title='bbox 464 1897 528 1962; x_wconf 88' lang='lat' dir='ltr'>Sist</span> <span class='ocrx_word' id='word_1_110' title='bbox 551 1899 727 1963; x_wconf 83' lang='lat' dir='ltr'>dsculando</span> <span class='ocrx_word' id='word_1_111' title='bbox 751 1898 916 1979; x_wconf 89' lang='lat' dir='ltr'>quidpiam</span> <span class='ocrx_word' id='word_1_112' title='bbox 940 1899 1128 1980; x_wconf 91' lang='lat' dir='ltr'>inpudicior.</span> 
     </span>
    </p>

    <p class='ocr_par' dir='ltr' id='par_1_2' title="bbox 169 2018 1462 2204">
     <span class='ocr_line' id='line_1_17' title="bbox 254 2018 1462 2099; baseline 0.002 -17"><span class='ocrx_word' id='word_1_113' title='bbox 254 2018 344 2083; x_wconf 90' lang='lat' dir='ltr'>Haec</span> <span class='ocrx_word' id='word_1_114' title='bbox 367 2019 432 2083; x_wconf 86' lang='lat' dir='ltr'>fere</span> <span class='ocrx_word' id='word_1_115' title='bbox 455 2018 603 2099; x_wconf 88' lang='lat' dir='ltr'>exempla</span> <span class='ocrx_word' id='word_1_116' title='bbox 633 2023 720 2082; x_wconf 87' lang='lat' dir='ltr'>certa</span> <span class='ocrx_word' id='word_1_117' title='bbox 750 2019 781 2081; x_wconf 91' lang='lat' dir='ltr'>in</span> <span class='ocrx_word' id='word_1_118' title='bbox 804 2018 948 2082; x_wconf 90' lang='lat' dir='ltr'>versibus</span> <span class='ocrx_word' id='word_1_119' title='bbox 976 2019 1009 2081; x_wconf 95' lang='lat' dir='ltr'>in</span> <span class='ocrx_word' id='word_1_120' title='bbox 1031 2019 1176 2082; x_wconf 88' lang='lat' dir='ltr'>iambum</span> <span class='ocrx_word' id='word_1_121' title='bbox 1200 2019 1390 2084; x_wconf 87' lang='lat' dir='ltr'>exeuntibus</span> <span class='ocrx_word' id='word_1_122' title='bbox 1412 2019 1462 2084; x_wconf 92' lang='lat' dir='ltr'>in-</span> 
     </span>
     <span class='ocr_line' id='line_1_18' title="bbox 169 2120 1441 2204; baseline 0.002 -19"><span class='ocrx_word' id='word_1_123' title='bbox 169 2121 355 2198; x_wconf 80' lang='lat' dir='ltr'>veniuntur3</span> <span class='ocrx_word' id='word_1_124' title='bbox 378 2125 488 2199; x_wconf 86' lang='lat' dir='ltr'>restat,</span> <span class='ocrx_word' id='word_1_125' title='bbox 510 2125 547 2185; x_wconf 91' lang='lat' dir='ltr'>ut</span> <span class='ocrx_word' id='word_1_126' title='bbox 569 2141 652 2202; x_wconf 91' lang='lat' dir='ltr'>quae</span> <span class='ocrx_word' id='word_1_127' title='bbox 674 2122 846 2204; x_wconf 84' lang='lat' dir='ltr'>septenarii</span> <span class='ocrx_word' id='word_1_128' title='bbox 869 2120 996 2185; x_wconf 90' lang='lat' dir='ltr'>iambici</span> <span class='ocrx_word' id='word_1_129' title='bbox 1019 2122 1166 2200; x_wconf 81' lang='lat' dir='ltr'>offerant,</span> <span class='ocrx_word' id='word_1_130' title='bbox 1190 2122 1441 2188; x_wconf 88' lang='lat' dir='ltr'>consideremus.</span> 
     </span>
    </p>

    <p class='ocr_par' dir='ltr' id='par_1_3' title="bbox 255 2224 881 2306">
     <span class='ocr_line' id='line_1_19' title="bbox 255 2224 881 2306; baseline 0.003 -19"><span class='ocrx_word' id='word_1_131' title='bbox 255 2224 319 2288; x_wconf 91' lang='lat' dir='ltr'>Mil.</span> <span class='ocrx_word' id='word_1_132' title='bbox 342 2224 421 2306; x_wconf 85' lang='lat' dir='ltr'>glor.</span> <span class='ocrx_word' id='word_1_133' title='bbox 446 2225 524 2289; x_wconf 88' lang='lat'>380:</span> <span class='ocrx_word' id='word_1_134' title='bbox 658 2229 783 2290; x_wconf 83' lang='lat' dir='ltr'>ecastor</span> <span class='ocrx_word' id='word_1_135' title='bbox 805 2245 881 2306; x_wconf 78' lang='lat' dir='ltr'>ergo</span> 
     </span>
    </p>

    <p class='ocr_par' dir='ltr' id='par_1_4' title="bbox 545 2327 1464 2496">
     <span class='ocr_line' id='line_1_20' title="bbox 545 2327 1464 2410; baseline 0.003 -19"><span class='ocrx_word' id='word_1_136' title='bbox 545 2328 588 2391; x_wconf 92' lang='lat' dir='ltr'>Mi</span> <span class='ocrx_word' id='word_1_137' title='bbox 610 2328 675 2392; x_wconf 91' lang='lat' dir='ltr'>hau</span> <span class='ocrx_word' id='word_1_138' title='bbox 698 2328 813 2392; x_wconf 83' lang='lat' dir='ltr'>falsum</span> <span class='ocrx_word' id='word_1_139' title='bbox 836 2329 942 2392; x_wconf 89' lang='lat' dir='ltr'>evenit</span> <span class='ocrx_word' id='word_1_140' title='bbox 969 2327 1141 2406; x_wconf 82' lang='lat' dir='ltr'>somnium,</span> <span class='ocrx_word' id='word_1_141' title='bbox 1170 2328 1257 2410; x_wconf 90' lang='lat' dir='ltr'>quod</span> <span class='ocrx_word' id='word_1_142' title='bbox 1279 2334 1380 2393; x_wconf 87' lang='lat' dir='ltr'>noctu</span> <span class='ocrx_word' id='word_1_143' title='bbox 1401 2329 1464 2394; x_wconf 92' lang='lat' dir='ltr'>hac</span> 
     </span>
     <span class='ocr_line' id='line_1_21' title="bbox 631 2431 796 2496; baseline -0.006 0"><span class='ocrx_word' id='word_1_144' title='bbox 631 2431 796 2496; x_wconf 87' lang='lat' dir='ltr'>somniavi.</span> 
     </span>
    </p>

    <p class='ocr_par' dir='ltr' id='par_1_5' title="bbox 257 2533 1346 2618">
     <span class='ocr_line' id='line_1_22' title="bbox 257 2533 1346 2618; baseline 0 -19"><span class='ocrx_word' id='word_1_145' title='bbox 257 2535 343 2599; x_wconf 93' lang='lat' dir='ltr'>Rud.</span> <span class='ocrx_word' id='word_1_146' title='bbox 367 2535 447 2600; x_wconf 86' lang='lat'>359:</span> <span class='ocrx_word' id='word_1_147' title='bbox 483 2534 531 2599; x_wconf 91' lang='lat' dir='ltr'>Ne</span> <span class='ocrx_word' id='word_1_148' title='bbox 554 2539 586 2599; x_wconf 87' lang='lat' dir='ltr'>te</span> <span class='ocrx_word' id='word_1_149' title='bbox 609 2537 731 2600; x_wconf 79' lang='lat' dir='ltr'>aleator</span> <span class='ocrx_word' id='word_1_150' title='bbox 753 2535 859 2598; x_wconf 90' lang='lat' dir='ltr'>nullus</span> <span class='ocrx_word' id='word_1_151' title='bbox 882 2539 930 2598; x_wconf 91' lang='lat' dir='ltr'>est</span> <span class='ocrx_word' id='word_1_152' title='bbox 952 2534 1136 2616; x_wconf 87' lang='lat' dir='ltr'>sapientior.</span> <span class='ocrx_word' id='word_1_153' title='bbox 1160 2535 1306 2616; x_wconf 88' lang='lat' dir='ltr'>profecto</span> <span class='ocrx_word' id='word_1_154' title='bbox 1320 2533 1346 2618; x_wconf 75' lang='lat'>2)</span> 
     </span>
    </p>

    <p class='ocr_par' dir='ltr' id='par_1_6' title="bbox 257 2636 1463 3752">
     <span class='ocr_line' id='line_1_23' title="bbox 479 2636 973 2720; baseline 0.008 -20"><span class='ocrx_word' id='word_1_155' title='bbox 479 2636 582 2702; x_wconf 90' lang='lat' dir='ltr'>Nimis</span> <span class='ocrx_word' id='word_1_156' title='bbox 603 2639 709 2720; x_wconf 77' lang='lat' dir='ltr'>lepide</span> <span class='ocrx_word' id='word_1_157' title='bbox 731 2639 830 2702; x_wconf 90' lang='lat' dir='ltr'>iecisti</span> <span class='ocrx_word' id='word_1_158' title='bbox 853 2638 973 2704; x_wconf 89' lang='lat' dir='ltr'>bolum.</span> 
     </span>
     <span class='ocr_line' id='line_1_24' title="bbox 369 2742 1332 2823; baseline 0 -17"><span class='ocrx_word' id='word_1_159' title='bbox 369 2743 448 2806; x_wconf 84' lang='lat'>380:</span> <span class='ocrx_word' id='word_1_160' title='bbox 580 2743 613 2805; x_wconf 90' lang='lat' dir='ltr'>in</span> <span class='ocrx_word' id='word_1_161' title='bbox 636 2742 781 2806; x_wconf 91' lang='lat' dir='ltr'>custodia</span> <span class='ocrx_word' id='word_1_162' title='bbox 804 2745 888 2806; x_wconf 87' lang='lat' dir='ltr'>esset</span> <span class='ocrx_word' id='word_1_163' title='bbox 910 2762 1047 2823; x_wconf 89' lang='lat' dir='ltr'>semper.</span> <span class='ocrx_word' id='word_1_164' title='bbox 1070 2761 1183 2806; x_wconf 88' lang='lat' dir='ltr'>verum</span> <span class='ocrx_word' id='word_1_165' title='bbox 1207 2745 1332 2806; x_wconf 90' lang='lat' dir='ltr'>ecastor</span> 
     </span>
     <span class='ocr_line' id='line_1_25' title="bbox 481 2844 1315 2933; baseline -0.002 -24"><span class='ocrx_word' id='word_1_166' title='bbox 481 2845 524 2909; x_wconf 94' lang='lat' dir='ltr'>Ut</span> <span class='ocrx_word' id='word_1_167' title='bbox 546 2846 639 2909; x_wconf 83' lang='lat' dir='ltr'>multi</span> <span class='ocrx_word' id='word_1_168' title='bbox 662 2845 745 2921; x_wconf 83' lang='lat' dir='ltr'>fecit,</span> <span class='ocrx_word' id='word_1_169' title='bbox 768 2846 813 2908; x_wconf 92' lang='lat' dir='ltr'>ita</span> <span class='ocrx_word' id='word_1_170' title='bbox 834 2845 937 2925; x_wconf 88' lang='lat' dir='ltr'>probe</span> <span class='ocrx_word' id='word_1_171' title='bbox 960 2846 1082 2933; x_wconf 84' lang='lat' dir='ltr'>curavit</span> <span class='ocrx_word' id='word_1_172' title='bbox 1104 2844 1315 2926; x_wconf 91' lang='lat' dir='ltr'>Plesidippus.</span> 
     </span>
     <span class='ocr_line' id='line_1_26' title="bbox 352 2947 1463 3030; baseline 0.002 -19"><span class='ocrx_word' id='word_1_173' title='bbox 352 2949 449 3013; x_wconf 87' lang='lat'>1305:</span> <span class='ocrx_word' id='word_1_174' title='bbox 474 2948 577 3012; x_wconf 90' lang='lat' dir='ltr'>Immo</span> <span class='ocrx_word' id='word_1_175' title='bbox 607 2948 722 3030; x_wconf 82' lang='lat' dir='ltr'>edepol</span> <span class='ocrx_word' id='word_1_176' title='bbox 751 2968 817 3011; x_wconf 90' lang='lat' dir='ltr'>una</span> <span class='ocrx_word' id='word_1_177' title='bbox 844 2947 950 3011; x_wconf 92' lang='lat' dir='ltr'>littera</span> <span class='ocrx_word' id='word_1_178' title='bbox 978 2949 1051 3029; x_wconf 92' lang='lat' dir='ltr'>plus</span> <span class='ocrx_word' id='word_1_179' title='bbox 1078 2969 1150 3012; x_wconf 91' lang='lat' dir='ltr'>sum</span> <span class='ocrx_word' id='word_1_180' title='bbox 1180 2968 1278 3030; x_wconf 91' lang='lat' dir='ltr'>quam</span> <span class='ocrx_word' id='word_1_181' title='bbox 1308 2948 1463 3013; x_wconf 88' lang='lat' dir='ltr'>medicus.</span> 
     </span>
     <span class='ocr_line' id='line_1_27' title="bbox 560 3052 756 3116; baseline -0.005 0"><span class='ocrx_word' id='word_1_182' title='bbox 560 3056 589 3116; x_wconf 82' lang='lat' dir='ltr'>sst</span> <span class='ocrx_word' id='word_1_183' title='bbox 613 3052 698 3115; x_wconf 87' lang='lat' dir='ltr'>Tum</span> <span class='ocrx_word' id='word_1_184' title='bbox 720 3055 756 3115; x_wconf 94' lang='lat' dir='ltr'>tu</span> 
     </span>
     <span class='ocr_line' id='line_1_28' title="bbox 472 3153 715 3218; baseline -0.004 -1"><span class='ocrx_word' id='word_1_185' title='bbox 472 3153 637 3218; x_wconf 90' lang='lat' dir='ltr'>Mendicus</span> <span class='ocrx_word' id='word_1_186' title='bbox 660 3157 715 3217; x_wconf 75' lang='lat' dir='ltr'>es?</span> 
     </span>
     <span class='ocr_line' id='line_1_29' title="bbox 259 3256 905 3339; baseline 0 -19"><span class='ocrx_word' id='word_1_187' title='bbox 259 3256 348 3321; x_wconf 86' lang='lat' dir='ltr'>Asin.</span> <span class='ocrx_word' id='word_1_188' title='bbox 371 3259 449 3322; x_wconf 67' lang='lat'>422:</span> <span class='ocrx_word' id='word_1_189' title='bbox 580 3258 688 3339; x_wconf 87' lang='lat' dir='ltr'>itaque</span> <span class='ocrx_word' id='word_1_190' title='bbox 710 3258 775 3321; x_wconf 89' lang='lat' dir='ltr'>iam</span> <span class='ocrx_word' id='word_1_191' title='bbox 796 3257 905 3321; x_wconf 90' lang='lat' dir='ltr'>hercle</span> 
     </span>
     <span class='ocr_line' id='line_1_30' title="bbox 482 3359 1463 3442; baseline -0.001 -15"><span class='ocrx_word' id='word_1_192' title='bbox 482 3361 632 3427; x_wconf 80' lang='lat' dir='ltr'>Clamore</span> <span class='ocrx_word' id='word_1_193' title='bbox 654 3380 692 3425; x_wconf 89' lang='lat' dir='ltr'>ac</span> <span class='ocrx_word' id='word_1_194' title='bbox 714 3360 882 3425; x_wconf 84' lang='lat' dir='ltr'>stomacho</span> <span class='ocrx_word' id='word_1_195' title='bbox 911 3379 978 3424; x_wconf 90' lang='lat' dir='ltr'>non</span> <span class='ocrx_word' id='word_1_196' title='bbox 1008 3379 1092 3442; x_wconf 89' lang='lat' dir='ltr'>queo</span> <span class='ocrx_word' id='word_1_197' title='bbox 1120 3359 1223 3424; x_wconf 90' lang='lat' dir='ltr'>labori</span> <span class='ocrx_word' id='word_1_198' title='bbox 1246 3360 1463 3441; x_wconf 89' lang='lat' dir='ltr'>subpeditare.</span> 
     </span>
     <span class='ocr_line' id='line_1_31' title="bbox 257 3463 1011 3546; baseline 0 -20"><span class='ocrx_word' id='word_1_199' title='bbox 257 3483 287 3527; x_wconf 92' lang='lat' dir='ltr'>v.</span> <span class='ocrx_word' id='word_1_200' title='bbox 310 3465 374 3529; x_wconf 72' lang='grc'>488</span> <span class='ocrx_word' id='word_1_201' title='bbox 397 3484 443 3546; x_wconf 90' lang='lat' dir='ltr'>sq.</span> <span class='ocrx_word' id='word_1_202' title='bbox 469 3484 543 3529; x_wconf 90' lang='lat' dir='ltr'>curn</span> <span class='ocrx_word' id='word_1_203' title='bbox 565 3465 618 3528; x_wconf 87' lang='lat' dir='ltr'>vix</span> <span class='ocrx_word' id='word_1_204' title='bbox 639 3464 767 3546; x_wconf 84' lang='lat' dir='ltr'>genuini</span> <span class='ocrx_word' id='word_1_205' title='bbox 789 3464 861 3542; x_wconf 81' lang='lat' dir='ltr'>sint,</span> <span class='ocrx_word' id='word_1_206' title='bbox 886 3463 1011 3527; x_wconf 88' lang='lat' dir='ltr'>omitto.</span> 
     </span>
     <span class='ocr_line' id='line_1_32' title="bbox 312 3567 851 3633; baseline -0.002 -1"><span class='ocrx_word' id='word_1_207' title='bbox 312 3569 391 3633; x_wconf 80' lang='lat'><strong>616:</strong></span> <span class='ocrx_word' id='word_1_208' title='bbox 522 3568 623 3631; x_wconf 91' lang='lat' dir='ltr'>immo</span> <span class='ocrx_word' id='word_1_209' title='bbox 646 3567 752 3632; x_wconf 90' lang='lat' dir='ltr'>hercle</span> <span class='ocrx_word' id='word_1_210' title='bbox 775 3587 851 3632; x_wconf 90' lang='lat' dir='ltr'>vero</span> 
     </span>
     <span class='ocr_line' id='line_1_33' title="bbox 414 3670 946 3752; baseline 0.002 -18"><span class='ocrx_word' id='word_1_211' title='bbox 414 3671 476 3749; x_wconf 86' lang='lat' dir='ltr'>Qui</span> <span class='ocrx_word' id='word_1_212' title='bbox 497 3672 618 3752; x_wconf 92' lang='lat' dir='ltr'>pendet</span> <span class='ocrx_word' id='word_1_213' title='bbox 636 3671 768 3735; x_wconf 82' lang='lat' dir='ltr'>multost</span> <span class='ocrx_word' id='word_1_214' title='bbox 791 3670 946 3735; x_wconf 89' lang='lat' dir='ltr'>miserior.</span> 
     </span>
    </p>

    <p class='ocr_par' dir='ltr' id='par_1_7' title="bbox 171 3772 1465 4269">
     <span class='ocr_line' id='line_1_34' title="bbox 259 3772 1465 3855; baseline 0.002 -18"><span class='ocrx_word' id='word_1_215' title='bbox 259 3773 347 3838; x_wconf 87' lang='lat' dir='ltr'>Haec</span> <span class='ocrx_word' id='word_1_216' title='bbox 369 3775 435 3838; x_wconf 87' lang='lat' dir='ltr'>fere</span> <span class='ocrx_word' id='word_1_217' title='bbox 459 3773 607 3855; x_wconf 86' lang='lat' dir='ltr'>exempla</span> <span class='ocrx_word' id='word_1_218' title='bbox 629 3777 706 3854; x_wconf 89' lang='lat' dir='ltr'>apta</span> <span class='ocrx_word' id='word_1_219' title='bbox 730 3775 796 3838; x_wconf 89' lang='lat' dir='ltr'>visa</span> <span class='ocrx_word' id='word_1_220' title='bbox 817 3777 902 3851; x_wconf 88' lang='lat' dir='ltr'>sunt,</span> <span class='ocrx_word' id='word_1_221' title='bbox 926 3789 1009 3853; x_wconf 89' lang='lat' dir='ltr'>quae</span> <span class='ocrx_word' id='word_1_222' title='bbox 1032 3772 1232 3836; x_wconf 87' lang='lat' dir='ltr'>afferrentur.</span> <span class='ocrx_word' id='word_1_223' title='bbox 1246 3810 1285 3819; x_wconf 93' lang='lat'><em>-</em></span> <span class='ocrx_word' id='word_1_224' title='bbox 1299 3773 1406 3854; x_wconf 86' lang='lat' dir='ltr'>Atque</span> <span class='ocrx_word' id='word_1_225' title='bbox 1429 3780 1465 3840; x_wconf 89' lang='lat' dir='ltr'>ut</span> 
     </span>
     <span class='ocr_line' id='line_1_35' title="bbox 171 3875 1465 3958; baseline 0.002 -18"><span class='ocrx_word' id='word_1_226' title='bbox 171 3877 372 3958; x_wconf 86' lang='lat' dir='ltr'>septenarios</span> <span class='ocrx_word' id='word_1_227' title='bbox 393 3877 548 3941; x_wconf 87' lang='lat' dir='ltr'>iambicos</span> <span class='ocrx_word' id='word_1_228' title='bbox 571 3875 793 3953; x_wconf 82' lang='lat' dir='ltr'>absolvamus,</span> <span class='ocrx_word' id='word_1_229' title='bbox 822 3875 908 3943; x_wconf 88' lang='lat' dir='ltr'>Rud.</span> <span class='ocrx_word' id='word_1_230' title='bbox 941 3875 1022 3938; x_wconf 84' lang='lat'>1305</span> <span class='ocrx_word' id='word_1_231' title='bbox 1053 3875 1249 3953; x_wconf 65' lang='lat' dir='ltr'>omittamus</span> <span class='ocrx_word' id='word_1_232' title='bbox 1275 3876 1329 3958; x_wconf 92' lang='lat' dir='ltr'>qui</span> <span class='ocrx_word' id='word_1_233' title='bbox 1352 3896 1465 3943; x_wconf 90' lang='lat' dir='ltr'>versus</span> 
     </span>
     <span class='ocr_line' id='line_1_36' title="bbox 172 3978 1465 4062; baseline 0.004 -20"><span class='ocrx_word' id='word_1_234' title='bbox 172 3982 283 4042; x_wconf 89' lang='lat' dir='ltr'>tamen</span> <span class='ocrx_word' id='word_1_235' title='bbox 302 3998 343 4042; x_wconf 91' lang='lat' dir='ltr'>ne</span> <span class='ocrx_word' id='word_1_236' title='bbox 363 3979 432 4061; x_wconf 86' lang='lat' dir='ltr'>ipse</span> <span class='ocrx_word' id='word_1_237' title='bbox 456 3979 586 4062; x_wconf 90' lang='lat' dir='ltr'>quidem</span> <span class='ocrx_word' id='word_1_238' title='bbox 607 3980 784 4061; x_wconf 90' lang='lat' dir='ltr'>quidquam</span> <span class='ocrx_word' id='word_1_239' title='bbox 801 3980 895 4042; x_wconf 86' lang='lat' dir='ltr'>offert</span> <span class='ocrx_word' id='word_1_240' title='bbox 913 3978 1112 4053; x_wconf 86' lang='lat' dir='ltr'>offensionis;</span> <span class='ocrx_word' id='word_1_241' title='bbox 1144 3998 1221 4042; x_wconf 91' lang='lat' dir='ltr'>nam</span> <span class='ocrx_word' id='word_1_242' title='bbox 1239 3980 1465 4062; x_wconf 90' lang='lat' dir='ltr'>monosyllaba</span> 
     </span>
     <span class='ocr_line' id='line_1_37' title="bbox 171 4080 1464 4168; baseline 0.004 -24"><span class='ocrx_word' id='word_1_243' title='bbox 171 4081 205 4145; x_wconf 94' lang='lat' dir='ltr'>in</span> <span class='ocrx_word' id='word_1_244' title='bbox 227 4080 291 4145; x_wconf 91' lang='lat' dir='ltr'>fine</span> <span class='ocrx_word' id='word_1_245' title='bbox 313 4085 394 4164; x_wconf 92' lang='lat' dir='ltr'>sept.</span> <span class='ocrx_word' id='word_1_246' title='bbox 417 4083 514 4146; x_wconf 90' lang='lat' dir='ltr'>iamh.</span> <span class='ocrx_word' id='word_1_247' title='bbox 536 4102 602 4146; x_wconf 92' lang='lat' dir='ltr'>non</span> <span class='ocrx_word' id='word_1_248' title='bbox 624 4084 724 4147; x_wconf 88' lang='lat' dir='ltr'>semel</span> <span class='ocrx_word' id='word_1_249' title='bbox 745 4083 895 4146; x_wconf 90' lang='lat' dir='ltr'>collocari</span> <span class='ocrx_word' id='word_1_250' title='bbox 916 4103 1014 4165; x_wconf 91' lang='lat' dir='ltr'>supra</span> <span class='ocrx_word' id='word_1_251' title='bbox 1036 4084 1079 4168; x_wconf 88' lang='lat' dir='ltr'>(p.</span> <span class='ocrx_word' id='word_1_252' title='bbox 1101 4084 1141 4147; x_wconf 72' lang='grc'>88</span> <span class='ocrx_word' id='word_1_253' title='bbox 1160 4083 1192 4146; x_wconf 90' lang='lat' dir='ltr'>in</span> <span class='ocrx_word' id='word_1_254' title='bbox 1209 4083 1299 4167; x_wconf 85' lang='lat' dir='ltr'>adn.)</span> <span class='ocrx_word' id='word_1_255' title='bbox 1319 4086 1464 4165; x_wconf 86' lang='lat' dir='ltr'>exposui.</span> 
     </span>
     <span class='ocr_line' id='line_1_38' title="bbox 173 4183 1464 4269; baseline 0.002 -21"><span class='ocrx_word' id='word_1_256' title='bbox 173 4183 325 4249; x_wconf 86' lang='lat' dir='ltr'>Ceterum</span> <span class='ocrx_word' id='word_1_257' title='bbox 352 4204 524 4267; x_wconf 90' lang='lat' dir='ltr'>possumus</span> <span class='ocrx_word' id='word_1_258' title='bbox 552 4189 694 4250; x_wconf 91' lang='lat' dir='ltr'>statuere</span> <span class='ocrx_word' id='word_1_259' title='bbox 722 4205 850 4266; x_wconf 89' lang='lat' dir='ltr'>semper</span> <span class='ocrx_word' id='word_1_260' title='bbox 882 4190 938 4250; x_wconf 86' lang='lat' dir='ltr'>aut</span> <span class='ocrx_word' id='word_1_261' title='bbox 968 4187 1189 4269; x_wconf 88' lang='lat' dir='ltr'>polysyllabon</span> <span class='ocrx_word' id='word_1_262' title='bbox 1219 4186 1252 4250; x_wconf 91' lang='lat' dir='ltr'>in</span> <span class='ocrx_word' id='word_1_263' title='bbox 1281 4185 1345 4249; x_wconf 91' lang='lat' dir='ltr'>fine</span> <span class='ocrx_word' id='word_1_264' title='bbox 1368 4189 1464 4252; x_wconf 90' lang='lat' dir='ltr'>metri</span> 
     </span>
    </p>
   </div>
   <div class='ocr_carea' id='block_1_2' title="bbox 173 4289 1465 4370">
    <p class='ocr_par' dir='ltr' id='par_1_8' title="bbox 173 4289 1465 4370">
     <span class='ocr_line' id='line_1_39' title="bbox 173 4289 1465 4370; baseline 0.002 -18"><span class='ocrx_word' id='word_1_265' title='bbox 173 4292 282 4353; x_wconf 86' lang='lat' dir='ltr'>extare</span> <span class='ocrx_word' id='word_1_266' title='bbox 315 4293 371 4352; x_wconf 89' lang='lat' dir='ltr'>aut</span> <span class='ocrx_word' id='word_1_267' title='bbox 404 4289 584 4370; x_wconf 88' lang='lat' dir='ltr'>disyllabon</span> <span class='ocrx_word' id='word_1_268' title='bbox 617 4289 661 4353; x_wconf 92' lang='lat' dir='ltr'>ita</span> <span class='ocrx_word' id='word_1_269' title='bbox 693 4292 729 4352; x_wconf 93' lang='lat' dir='ltr'>ut</span> <span class='ocrx_word' id='word_1_270' title='bbox 762 4289 824 4353; x_wconf 86' lang='lat' dir='ltr'>alio</span> <span class='ocrx_word' id='word_1_271' title='bbox 857 4290 1016 4354; x_wconf 89' lang='lat' dir='ltr'>vocabulo</span> <span class='ocrx_word' id='word_1_272' title='bbox 1050 4290 1176 4354; x_wconf 88' lang='lat' dir='ltr'>adiecto</span> <span class='ocrx_word' id='word_1_273' title='bbox 1200 4289 1362 4365; x_wconf 79' lang='lat' dir='ltr'>fulciatur3</span> <span class='ocrx_word' id='word_1_274' title='bbox 1391 4290 1465 4355; x_wconf 93' lang='lat' dir='ltr'>vide</span> 
     </span>
    </p>
   </div>
   <div class='ocr_carea' id='block_1_3' title="bbox 173 4442 1464 4689">
    <p class='ocr_par' dir='ltr' id='par_1_9' title="bbox 173 4442 1464 4689">
     <span class='ocr_line' id='line_1_40' title="bbox 262 4442 1464 4513; baseline 0.002 -16"><span class='ocrx_word' id='word_1_275' title='bbox 262 4442 282 4511; x_wconf 91' lang='lat'>¹)</span> <span class='ocrx_word' id='word_1_276' title='bbox 302 4445 415 4498; x_wconf 87' lang='lat' dir='ltr'>Versum</span> <span class='ocrx_word' id='word_1_277' title='bbox 434 4460 466 4497; x_wconf 84' lang='lat' dir='ltr'>ex</span> <span class='ocrx_word' id='word_1_278' title='bbox 484 4443 601 4512; x_wconf 80' lang='lat' dir='ltr'>Ussingii</span> <span class='ocrx_word' id='word_1_279' title='bbox 620 4444 737 4497; x_wconf 85' lang='lat' dir='ltr'>editione</span> <span class='ocrx_word' id='word_1_280' title='bbox 761 4444 851 4511; x_wconf 89' lang='lat' dir='ltr'>posui;</span> <span class='ocrx_word' id='word_1_281' title='bbox 877 4461 940 4498; x_wconf 84' lang='lat' dir='ltr'>narn</span> <span class='ocrx_word' id='word_1_282' title='bbox 964 4445 993 4498; x_wconf 94' lang='lat' dir='ltr'>in</span> <span class='ocrx_word' id='word_1_283' title='bbox 1011 4443 1196 4498; x_wconf 84' lang='lat' dir='ltr'>Ritsoheliana</span> <span class='ocrx_word' id='word_1_284' title='bbox 1214 4444 1304 4498; x_wconf 88' lang='lat' dir='ltr'>nescio</span> <span class='ocrx_word' id='word_1_285' title='bbox 1324 4461 1379 4513; x_wconf 94' lang='lat' dir='ltr'>quo</span> <span class='ocrx_word' id='word_1_286' title='bbox 1397 4462 1464 4500; x_wconf 87' lang='lat' dir='ltr'>casu</span> 
     </span>
     <span class='ocr_line' id='line_1_41' title="bbox 173 4529 471 4598; baseline -0.003 -15"><span class='ocrx_word' id='word_1_287' title='bbox 173 4535 236 4598; x_wconf 87' lang='lat' dir='ltr'>post</span> <span class='ocrx_word' id='word_1_288' title='bbox 253 4546 279 4583; x_wconf 89' lang='lat' dir='ltr'>v.</span> <span class='ocrx_word' id='word_1_289' title='bbox 297 4530 349 4583; x_wconf 74' lang='lat'>408</span> <span class='ocrx_word' id='word_1_290' title='bbox 367 4529 471 4584; x_wconf 85' lang='lat' dir='ltr'>excidit.</span> 
     </span>
     <span class='ocr_line' id='line_1_42' title="bbox 261 4615 1463 4689; baseline 0.002 -20"><span class='ocrx_word' id='word_1_291' title='bbox 261 4615 284 4683; x_wconf 80' lang='lat'>²)</span> <span class='ocrx_word' id='word_1_292' title='bbox 313 4616 378 4670; x_wconf 90' lang='lat' dir='ltr'>Vide</span> <span class='ocrx_word' id='word_1_293' title='bbox 396 4633 480 4684; x_wconf 86' lang='lat' dir='ltr'>quarn</span> <span class='ocrx_word' id='word_1_294' title='bbox 497 4616 584 4670; x_wconf 90' lang='lat' dir='ltr'>solute</span> <span class='ocrx_word' id='word_1_295' title='bbox 602 4616 720 4689; x_wconf 82' lang='lat' dir='ltr'>positum</span> <span class='ocrx_word' id='word_1_296' title='bbox 739 4616 774 4671; x_wconf 90' lang='lat' dir='ltr'>sit</span> <span class='ocrx_word' id='word_1_297' title='bbox 791 4617 855 4671; x_wconf 91' lang='lat' dir='ltr'>illud</span> <span class='ocrx_word' id='word_1_298' title='bbox 869 4622 1000 4686; x_wconf 77' lang='lat' dir='ltr'>profecto,</span> <span class='ocrx_word' id='word_1_299' title='bbox 1034 4616 1107 4670; x_wconf 90' lang='lat' dir='ltr'>Licet</span> <span class='ocrx_word' id='word_1_300' title='bbox 1125 4615 1180 4671; x_wconf 79' lang='lat' dir='ltr'>iere</span> <span class='ocrx_word' id='word_1_301' title='bbox 1198 4616 1313 4670; x_wconf 88' lang='lat' dir='ltr'>scrihere</span> <span class='ocrx_word' id='word_1_302' title='bbox 1324 4620 1463 4685; x_wconf 78' lang='lat' dir='ltr'>profecto!</span> 
     </span>
    </p>
   </div>
   <div class='ocr_carea' id='block_1_4' title="bbox 0 0 1653 5214">
    <p class='ocr_par' dir='ltr' id='par_1_10' title="bbox 0 0 1653 5214">
     <span class='ocr_line' id='line_1_43' title="bbox 0 0 1653 5214; baseline 0 0"><span class='ocrx_word' id='word_1_303' title='bbox 0 0 1653 5214; x_wconf 95' lang='lat' dir='ltr'> </span> 
     </span>
    </p>
   </div>
  </div>
 </body>
</html>
