3286 5198
714 141 868 236 --.li-

236 358 257 422 t.
297 354 411 419 l'lrmtn
440 350 581 414 severior
610 349 780 413 Terentius
810 351 858 411 est
886 349 918 411 in
941 367 998 423 eo,
1030 345 1118 427 quod
1149 342 1315 424 epitheton
1340 362 1360 406 a
1383 360 1451 406 suo

144 458 280 543 positivo
306 474 415 521 trusus
446 452 510 516 ssne
539 452 686 516 dirimere
714 471 781 514 non
808 451 899 514 facile
922 450 1028 514 audet.
1080 448 1162 512 Nam
1187 446 1358 528 epitheton
1381 444 1450 508 di·

141 560 334 647 syllabon
365 576 525 638 nusquam
554 554 587 618 in
617 555 705 619 initio
728 575 838 619 versus
866 555 971 618 solum
1002 556 1089 616 extat
1116 554 1245 632 praeter
1273 546 1452 613 numerale

143 668 216 745 ilico,
241 660 329 743 ‹prrid
352 659 450 723 sterne]
474 660 518 722 sic
540 659 683 740 positum
705 658 866 722 invenitur
892 657 1029 738 Adelph.
1054 656 1127 732 465,
1150 654 1206 717 ubi
1229 657 1293 717 est:

456 781 592 825 uxorem
614 761 718 824 duxit:
742 762 809 824 nati
831 761 887 825 filii

303 867 391 931 lluo:
416 865 491 928 inde
515 883 574 945 ego
597 864 683 928 hunc
705 865 862 927 maiorem
884 863 1036 944 adoptavi
1058 862 1145 927 mihi.

147 970 322 1055 llpitltcton
351 971 460 1032 autern
483 967 671 1049 trisyllabon
698 987 865 1049 nunquam
896 969 929 1031 in
956 986 1107 1030 versuum
1136 963 1318 1045 longiorum
1351 961 1451 1026 initio

145 1073 250 1139 erolum
276 1072 427 1147 invenies
450 1089 524 1134 raro
548 1071 580 1133 in
602 1071 734 1135 senariis
752 1071 905 1147 iambicis,
928 1070 1016 1132 velut
1038 1068 1168 1133 Phorm.
1193 1067 1251 1132 95:

303 1175 400 1239 Modo
424 1173 589 1254 quandam
611 1174 676 1236 vidi
697 1174 853 1255 virginem
875 1174 927 1237 hic
949 1173 1082 1236 viciniae

303 1279 451 1343 Miseram
474 1297 568 1341 suam
590 1282 725 1342 matrem
749 1278 918 1342 lamentari
940 1281 1110 1340 mortuam.

235 1381 372 1463 Adelph.
397 1382 456 1445 991
472 1401 538 1462 sq.:

459 1482 560 1546 multo
584 1484 714 1547 rectiust

304 1587 409 1663 Quam
432 1586 520 1649 illam
542 1606 735 1668 puerperam
758 1587 821 1650 huc
843 1606 929 1651 nunc
952 1587 1024 1651 duci
1046 1585 1213 1668 perviam

304 1690 488 1770 Aegrotam.
512 1688 547 1758 iss
568 1689 653 1753 Nihil
676 1691 759 1753 enim
783 1691 846 1754 vidi
869 1691 991 1766 melius
1016 1691 1059 1753 mi
1081 1694 1184 1772 pater.

148 1794 228 1858 ltcm
251 1793 326 1857 alibi
348 1812 414 1856 nou
437 1793 545 1857 semel.
599 1793 735 1874 Semper
756 1797 866 1857 autem
894 1793 1133 1857 observandum
1161 1796 1209 1856 est
1232 1791 1404 1874 epitheton
1429 1812 1452 1856 a

148 1917 208 1960 suo
241 1896 378 1978 positivo
406 1895 451 1958 ita
478 1895 596 1972 dirimi,
626 1900 662 1959 ut
689 1897 870 1977 complures
903 1896 984 1960 aliae
1011 1915 1107 1959 voces
1134 1896 1197 1959 sint
1223 1894 1450 1975 interpositae.

150 2000 185 2064 ln
216 1999 360 2062 versibus
390 1998 587 2078 longioribus
616 2003 725 2062 tamen
755 2000 937 2081 epitheton,
975 1999 1100 2062 etiamsi
1129 1996 1353 2080 polysyllabon
1374 2002 1451 2075 est,

150 2121 316 2182 nunquam
346 2101 470 2164 initium
500 2102 574 2165 facit
597 2102 717 2180 solum,
748 2103 792 2166 ita
821 2106 857 2167 ut
886 2107 960 2185 post
989 2122 1076 2166 nova
1105 2101 1264 2166 sententia
1287 2100 1450 2164 ordiatur.

151 2205 269 2268 Eadem
293 2204 378 2268 valet
400 2205 452 2267 lex
473 2205 569 2268 etiam
593 2205 625 2268 in
647 2207 839 2286 pronomine
862 2207 1054 2287 possession,
1079 2205 1167 2287 quod
1190 2224 1288 2286 quam
1310 2203 1453 2268 licenter

150 2308 282 2371 Plautus
305 2308 434 2371 alterius
457 2328 568 2372 versus
597 2309 686 2372 initio
716 2310 898 2384 inseruerit,
932 2310 1150 2391 compluribus
1173 2307 1325 2390 exemplis
1344 2327 1453 2389 supra

152 2411 195 2492 (p.
220 2411 259 2474 61
286 2410 347 2494 sq.)
371 2411 494 2474 collatis
517 2413 765 2493 comprohatum
788 2416 845 2478 est.
1345 2434 1348 2441 ’

238 2515 326 2577 Haec
348 2519 457 2578 autem
486 2517 649 2596 pertinent
671 2517 712 2579 ad
736 2517 916 2598 epitheton,
948 2516 1035 2598 quod
1058 2516 1089 2578 in
1113 2515 1214 2579 altero
1237 2533 1331 2578 versu
1354 2515 1452 2595 posi·

150 2618 251 2681 tivum
270 2617 421 2698 sequitur.
468 2618 589 2684 Contra
604 2624 640 2683 ut
662 2620 760 2700 priori
777 2621 883 2683 versui
903 2620 1078 2701 epitheton,
1099 2619 1190 2682 alteri
1206 2617 1454 2682 substantivum

151 2722 319 2796 tribuatur,
342 2720 502 2784 interdum
525 2721 670 2785 videmus
692 2723 761 2786 fieri
771 2722 806 2806 ¹),
829 2724 916 2787 velut
938 2724 1018 2787 Eun.
1046 2723 1123 2786 108:

461 2824 504 2887 ibi
527 2828 596 2888 turn
620 2826 715 2889 matri
736 2827 905 2906 parvolam

307 2927 451 2991 Puellam
474 2928 561 2991 dono
584 2929 714 3010 quidam
738 2932 898 2993 mercator
921 2930 1017 2995 dedit.

238 3030 274 3093 ln
297 3032 410 3093 ceteris
425 3031 521 3093 rebus
539 3032 688 3094 omnibus
708 3033 844 3097 eandem
861 3033 1022 3096 licentiam
1038 3031 1207 3095 Terentius
1225 3031 1284 3095 sibi
1300 3030 1455 3112 postulat

154 3152 252 3214 quam
274 3132 416 3197 Plautus
462 3133 574 3215 ltaque
597 3154 663 3197 non
687 3154 767 3216 opus
790 3140 838 3199 est
866 3137 1019 3217 exemplis
1046 3135 1159 3200 allatis,
1204 3135 1320 3198 Moneo
1343 3135 1453 3200 modo

154 3236 244 3317 quasi
266 3237 464 3316 praeteriens
486 3255 527 3298 ne
550 3236 684 3300 verbum
716 3240 845 3320 quidem
868 3240 1104 3303 substantivum
1126 3239 1159 3302 in
1181 3238 1311 3302 alterius
1331 3257 1454 3304 versus

152 3338 242 3402 initio
273 3338 431 3401 collocare
460 3342 599 3420 postque
626 3340 818 3422 distinguere
847 3341 1034 3405 Terentium
1063 3341 1242 3418 dubitasse3
1280 3340 1370 3405 cuius
1400 3344 1454 3408 rei

154 3441 303 3522 exempla
326 3461 408 3522 quae
432 3446 603 3505 occurrunt
626 3442 718 3507 liceat
741 3445 900 3522 subicere,
930 3464 1002 3507 curn
1025 3445 1162 3508 fortasse
1184 3463 1250 3507 non
1274 3443 1367 3523 desit,
1392 3448 1454 3529 qui
1497 3479 1502 3487 ·

153 3545 185 3611 in
208 3564 274 3608 uno
298 3545 440 3608 alterove
463 3545 615 3612 offendat.
660 3547 755 3611 Extat
777 3552 904 3611 autem:

486 3699 525 3763 A.
559 3701 597 3764 in
624 3703 813 3766 versibus
840 3702 1105 3785 longioribus:

240 3820 356 3883 Heaut.
381 3820 453 3884 998.
477 3820 555 3884 Hec.
578 3823 652 3887 460.
676 3823 735 3886 om
762 3823 804 3906 (ν.
829 3824 900 3887 690.
926 3827 974 3886 est
996 3827 1078 3904 sept.
1102 3822 1204 3887 troch.
1226 3843 1257 3886 v.
1281 3822 1341 3887 om
1369 3823 1455 3892 dim.

155 3923 266 4007 iamb.)
290 3923 428 4004 Adelph.
448 3925 520 3988 332.

537 4043 572 4107 B.
606 4045 644 4109 in
666 4046 835 4109 senariis
864 4047 1060 4111 iambicis:

242 4165 321 4228 Eun.
347 4165 420 4228 8923.
445 4165 517 4228 873.
551 4165 668 4229 Heaut.
693 4167 766 4232 994.
801 4167 878 4232 Hec.
903 4169 954 4230 99.
988 4167 1125 4247 Adelph.
1150 4168 1202 4231 83.
1226 4167 1299 4232 383.
1322 4169 1403 4236 496.

241 4267 288 4331 De
311 4269 426 4332 Plauto
450 4267 488 4330 cf.
513 4289 543 4349 p.
568 4270 609 4331 53
633 4290 681 4351 sq.

243 4374 271 4434 8.
302 4370 403 4434 Multo
434 4370 634 4434 liberioribus
655 4371 781 4454 legibus
812 4373 981 4436 Terentius
1010 4393 1108 4454 quam
1131 4374 1262 4438 Plautus
1291 4365 1397 4441 utitur
1420 4378 1456 4445 in

156 4475 380 4539 coniunctione
404 4475 435 4536 in
459 4473 523 4536 fine
545 4494 656 4538 versus
677 4477 792 4557 posita.
827 4476 910 4540 Nam
933 4496 999 4541 non
1016 4476 1122 4541 solum
1139 4481 1175 4541 ut
1191 4477 1279 4558 apud
1294 4476 1456 4548 Plautum

186 4582 427 4678 ‘simitheton
446 4618 537 4666 tamen
557 4613 708 4681 disyllabon
727 4614 765 4666 sic
783 4613 900 4681 positum
919 4615 963 4668 vix
981 4615 1109 4668 invenies.
