3286 5198
741 131 895 227 je—

259 338 322 405 Mil.
346 337 423 420 glor.
452 338 549 402 lieo:
584 337 679 415 Quod
702 336 802 412 volui,
834 339 870 400 ut
891 335 991 413 volui,
1018 335 1187 416 impetravi
1209 353 1269 415 per
1290 333 1470 398 amicitiam

691 444 722 504 et
744 439 882 521 gratiam
1027 472 1029 476 ⁸

585 522 616 608 ri
637 542 883 609 Philocomasio.
908 542 938 607 ssr
963 542 1131 620 Quia....

172 647 251 713 Mire
288 646 422 712 Bothius
457 650 595 734 qratiam
628 670 649 712 o
678 646 690 733 A
721 647 966 729 Philocomasio,
1008 645 1097 727 quod
1136 643 1281 727 quamvis
1322 643 1469 708 numeris

173 751 426 829 commendetur,
453 770 474 816 a
495 750 610 816 Plauto
638 750 812 815 abhorrere
833 749 886 814 vix
908 768 990 830 opus
1013 752 1061 813 est
1083 748 1197 813 dicere.

259 853 322 922 Mil.
346 854 424 936 glor.
453 854 551 919 1420:
707 853 803 918 salvis
825 852 959 917 testibus

567 930 611 1021 dt
632 957 688 1021 ted
709 956 806 1021 hodie
827 956 902 1020 hinc
924 954 1119 1020 amittamus.

548 1129 584 1195 B.
619 1128 659 1192 in
682 1128 857 1193 senariis
879 1126 1078 1192 iambicis.

259 1231 346 1296 Trin.
369 1232 452 1297 lua:
640 1232 725 1297 inter
746 1234 779 1295 te
801 1235 899 1313 atque
921 1249 981 1294 nos

473 1335 685 1399 Adfinitatem
706 1338 742 1399 ut
765 1333 967 1398 conciliarem
990 1335 1022 1398 et
1044 1333 1188 1415 gratiam.

372 1439 450 1503 586:
606 1437 816 1503 nullomodo

473 1543 624 1624 Aequam
645 1541 780 1618 videtur,
805 1541 892 1623 quin,
916 1540 1004 1622 quod
1026 1539 1249 1621 peccarim...

353 1645 451 1709 1002:
474 1643 558 1709 Nam
581 1644 717 1727 epistula
739 1643 792 1708 illa
814 1643 893 1737 mibi
915 1643 1134 1708 concenturiat
1156 1647 1279 1708 metum

475 1747 511 1812 In
535 1748 641 1826 corde,
666 1751 698 1811 et
719 1746 796 1810 illud
819 1747 905 1811 mille
927 1765 1095 1811 nummum
1119 1765 1218 1828 quam
1239 1751 1395 1830 remagat.

261 1849 308 1918 cf.
331 1871 381 1917 vv.
405 1852 475 1917 179.
498 1851 572 1917 lua.
596 1852 668 1917 509.
694 1852 765 1916 729.
787 1851 859 1916 73⁶2.
881 1851 952 1916 795.
987 1849 1095 1914 Liceat
1114 1869 1132 1913 e
1148 1849 1212 1916 Mil.
1230 1849 1309 1933 glor.
1326 1850 1467 1916 addere:

329 1954 379 2020 33.
413 1954 533 2019 Venter
556 1958 644 2018 creat
666 1954 770 2018 omnis
792 1953 888 2017 hasce
910 1967 1097 2017 aerumnas:
1125 1953 1256 2018 auribus

416 2056 633 2122 Peraririenda
646 2057 670 2142 ¹)
693 2061 777 2134 sunt,
799 2075 841 2120 ne
863 2056 977 2120 dentes
998 2055 1153 2120 dentiant.

173 2160 252 2224 Post
274 2161 405 2225 cambas
426 2160 542 2228 Reinh.
565 2161 707 2225 Klotzius
729 2159 872 2224 distinxit
898 2179 1013 2240 parum
1041 2158 1189 2235 feliciter3
1222 2164 1358 2242 apparet
1381 2161 1469 2226 enim

173 2262 402 2344 paromoeosin
420 2263 581 2345 duplicem
605 2263 709 2349 (aur-z
732 2282 808 2327 aur·
832 2291 874 2316 =
896 2263 1007 2326 dent-z
1030 2261 1137 2347 dent)
1161 2263 1362 2328 retinendam
1385 2283 1467 2332 esse.

175 2365 362 2430 Subiectum
389 2365 476 2431 haud
500 2367 566 2432 scio
589 2386 631 2432 an
652 2367 754 2449 possit
776 2365 898 2430 omitti:
925 2384 1002 2430 nam
1025 2364 1126 2453 Most..
1141 2367 1183 2431 49
1206 2365 1336 2449 legitur:

432 2470 483 2535 Tu
505 2470 708 2549 flammatus,
731 2489 791 2552 ego
813 2469 921 2547 miser,
944 2468 1100 2550 patiunda
1121 2473 1206 2535 sunt.

175 2571 213 2638 cf.
237 2571 336 2636 etiarn
358 2573 542 2656 Ussingium
563 2575 606 2639 ad
627 2573 745 2656 Amph.
759 2574 839 2648 aaa
868 2592 1064 2655 quamquam
1088 2572 1319 2655 aliquantulum
1343 2574 1468 2642 dubito.

260 2675 307 2739 Ex
335 2676 503 2758 exemplis,
536 2697 675 2759 quorum
703 2696 788 2740 unus
816 2676 1024 2740 Trinummus
1058 2676 1150 2739 offert
1177 2675 1287 2758 viginti
1314 2681 1469 2759 quattuor

174 2779 229 2864 (sc.
259 2779 443 2862 quindecim
470 2800 488 2844 e
514 2780 658 2844 versibus
684 2779 882 2862 longioribus
908 2782 940 2843 et
970 2797 1089 2842 novem
1118 2798 1136 2842 e
1166 2779 1298 2844 senariis
1321 2780 1467 2866 collecta)

172 2882 300 2946 videtur
328 2901 486 2964 apparere
516 2881 698 2947 huiusmodi
727 2882 887 2947 vocabula
917 2881 960 2947 ad
989 2881 1116 2959 locum,
1146 2884 1291 2964 tempus,
1321 2884 1467 2962 modum,

174 3005 319 3063 causam,
349 2985 562 3050 instrumenta
588 2986 782 3067 pertinentia
809 2985 957 3049 facillime
985 3005 1005 3049 a
1032 2984 1155 3066 reliqua
1182 2985 1341 3051 sententia
1363 2987 1467 3052 avelli.

174 3087 245 3151 Hoc
266 3087 350 3152 bene
372 3086 582 3171 intellegetur,
605 3107 679 3152 cum
701 3088 932 3169 reputabimus,
954 3087 1032 3154 talia
1055 3087 1152 3151 etiam
1174 3088 1365 3154 adsensum
1378 3091 1468 3173 quod

104 3184 108 3189 ’
173 3191 288 3255 attinet
317 3210 384 3255 non
411 3192 456 3255 ita
483 3195 552 3257 arte
580 3211 653 3255 cum
681 3194 788 3255 cetera
818 3191 1056 3256 construetione
1086 3191 1260 3256 verborum
1283 3193 1466 3262 cohaerere.

174 3294 222 3357 Ae
247 3293 438 3376 plerumque
465 3294 596 3376 quidem
624 3294 656 3359 in
679 3294 744 3358 fine
773 3296 887 3377 prioris
909 3314 1021 3359 versus
1042 3294 1119 3359 talia
1140 3295 1299 3359 vocabula
1321 3296 1467 3362 videmus

174 3399 292 3462 extare.
337 3396 497 3479 Persaepe
519 3402 630 3462 autem
652 3398 847 3480 praepositio
871 3403 920 3463 est
942 3397 1061 3463 addita.

441 3588 475 3667 tl.
511 3587 717 3669 Adverbium
745 3609 874 3669 uersus
901 3589 971 3669 tine
997 3589 1203 3688 seiungitur.

450 3726 478 3793 l.
515 3724 748 3795 Adverbium
770 3725 818 3796 ad
840 3724 995 3795 verbum
1018 3724 1192 3811 pertinet.

341 3848 369 3894 a.
404 3828 650 3894 Adverbium
672 3830 712 3894 in
734 3830 887 3912 prioris
910 3848 1050 3893 versus
1072 3829 1158 3894 fine
1181 3833 1300 3897 extat.

507 3932 546 3996 A.
582 3933 620 3997 in
642 3933 832 3998 versibus
854 3932 1125 4014 longioribus.

146 4037 150 4045 '
261 4032 375 4100 Pseud.
400 4034 479 4099 ⁶266:
657 4037 780 4100 interea
802 4036 864 4099 loci

520 4138 553 4203 Si
576 4140 655 4203 lucri
678 4138 755 4222 quid
777 4139 888 4215 detur,
919 4140 1026 4221 potius
1049 4159 1118 4205 rem
1146 4140 1288 4204 divinem
1310 4140 1468 4208 deseram.

402 4243 479 4306 620:
658 4262 735 4306 nam
758 4241 906 4323 equidem
928 4242 1074 4308 Athenas
1097 4243 1248 4309 antidhac

519 4344 693 4427 Nunquam
723 4345 839 4408 adveni
866 4364 971 4428 neque
997 4350 1029 4411 te
1062 4347 1127 4411 vidi
1158 4350 1233 4412 ante
1267 4346 1353 4411 hunc
1383 4346 1470 4412 diem

690 4466 847 4529 umquam
869 4448 968 4512 oculis
989 4449 1079 4516 meis.

263 4584 284 4649 ¹)
306 4588 493 4653 peraurienda
511 4584 539 4650 C,
556 4588 744 4654 pcraadicnda
762 4590 811 4644 cet.
831 4603 893 4640 cum
911 4586 943 4639 Α.
