3286 5198
722 172 902 266 'Q-

462 377 541 440 746:
613 371 616 377 ’
671 376 792 442 scelera
813 380 965 441 taxentur
986 377 1085 442 modo

572 479 694 544 Maiore
715 486 832 544 vestra.
878 480 946 565 (Cf.
962 480 1050 565 928.)

234 588 238 600 ‘
263 582 383 647 Troad.
406 584 466 646 48:
597 583 720 664 respice
742 583 851 647 infelix
873 575 998 648 edbos

486 686 606 750 Luctus
627 689 782 752 recentes
829 686 890 770 [cf.
913 686 1051 751 Phaedr.
1077 688 1148 751 713.
1172 686 1255 751 intra
1276 686 1376 771 laud.)

263 790 401 857 Phaedr.
425 791 503 854 542:
634 790 722 854 venit
744 790 868 872 imperii
891 791 959 855 sitis
1068 872 1073 883 .

532 893 704 958 Cruenta..

430 998 507 1061 125:
530 997 593 1061 Per
614 999 675 1060 nos
698 1000 828 1061 catenas
850 997 992 1061 vindicat
1013 997 1124 1062 Martis
1147 997 1196 1062 sui

530 1099 689 1181 Suesque.

262 1204 347 1269 Tum
368 1205 535 1283 videamus
558 1207 716 1286 quantum
739 1203 833 1283 spatii
856 1203 973 1267 debeat
993 1204 1140 1268 obtinere
1157 1223 1222 1267 vox
1243 1203 1361 1285 aliqua,
1385 1222 1470 1285 quae

176 1311 233 1372 eut
256 1327 352 1373 sensu
374 1308 417 1372 ad
439 1308 638 1389 superiorem
660 1325 789 1370 versum
812 1307 985 1387 pertinens,
1014 1307 1211 1388 insequentis
1239 1326 1350 1370 versus
1379 1305 1469 1370 initio

177 1411 295 1475 inserta
329 1413 387 1489 est,
422 1415 479 1474 eut
512 1429 608 1474 sensu
642 1409 684 1472 ad
718 1411 942 1491 insequentem
972 1431 1102 1475 versum
1134 1411 1309 1493 pertinens,
1343 1410 1376 1473 in
1404 1409 1469 1473 fine

175 1513 347 1595 superioris
369 1533 481 1577 versus
504 1516 601 1577 extat.
646 1512 731 1576 lllius
753 1514 801 1577 rei
822 1513 903 1576 haec
925 1533 1013 1594 pono
1036 1514 1201 1595 exempla:

260 1616 383 1680 Phoen.
408 1617 488 1680 329:
520 1616 560 1679 Et
583 1615 735 1679 abstineri
758 1615 913 1697 sanguine
936 1636 955 1680 a
978 1636 1052 1680 caro
1075 1636 1191 1680 manus

517 1718 686 1783 Doceami
710 1719 863 1800 magister
884 1719 960 1783 iuris
981 1723 1016 1783 et
1037 1721 1157 1785 amoris
1179 1719 1222 1802 pii

520 1822 587 1903 Ego
610 1824 706 1885 siim?

406 1925 487 1988 491:
619 1926 740 2007 inquo
764 1929 812 1989 est
836 1926 993 2007 optimum

264 2071 265 2074 κ
517 2028 617 2092 Vinci.
640 2029 759 2093 vereris
782 2030 888 2093 fratris
909 2029 1016 2094 infesti
1039 2029 1153 2093 dolos?

262 2130 346 2194 Med.
380 2131 457 2195 145:
588 2135 660 2196 erto
682 2132 817 2214 pignore
840 2133 1005 2197 astrictam
1028 2133 1126 2196 iidem

485 2235 619 2299 Dirimit.
887 2314 889 2320 Ι

375 2339 454 2404 alr:
587 2341 703 2404 decore
725 2339 823 2420 regali
845 2343 962 2419 potens

485 2442 588 2506 Fulsi:
612 2442 768 2524 petebant
790 2446 877 2507 tunc.
892 2492 919 2506 ..

372 2545 451 2609 459:
584 2546 667 2609 exuli
690 2546 819 2610 exilium
841 2547 980 2627 imperas

483 2648 550 2712 Nec
573 2650 639 2712 deis.
664 2654 764 2713 eatur.
788 2650 893 2731 regius
915 2649 1005 2713 iussit
1027 2668 1132 2731 gener.

259 2749 396 2815 Phaedr.
423 2753 521 2815 1040:
652 2751 727 2816 hinc
750 2753 916 2817 tlammam
938 2756 1075 2816 vomunt

550 2855 651 2933 Oculi,
674 2855 749 2920 hinc
771 2857 915 2920 relucent
938 2856 1065 2920 caerula
1086 2856 1226 2938 insignes
1249 2861 1331 2920 rota.

259 2959 374 3039 Agam.
398 2959 480 3023 988:
503 2958 664 3023 Abstrusa
687 2979 783 3023 caeco
808 2978 935 3023 carcere
960 2963 992 3023 et
1013 2979 1091 3023 saxo
1115 2960 1221 3041 exigat

504 3063 640 3138 Aenum,
666 3065 696 3126 et
713 3061 736 3146 ¹)
759 3083 818 3144 per
840 3082 953 3127 omnes
975 3065 1062 3126 torta
1083 3082 1263 3144 poenarum
1286 3063 1402 3128 modos

506 3165 640 3229 Referre
663 3185 761 3246 quern
784 3185 871 3229 nunc
894 3165 1011 3230 occulit
1033 3166 1143 3230 forsan
1164 3167 1262 3230 volet.

257 3267 394 3331 Phaedr.
419 3269 499 3333 680¹:
529 3268 593 3332 Cur
616 3270 738 3345 dextra,
770 3268 879 3332 divum
908 3272 1015 3334 rector
1043 3272 1143 3351 atque
1169 3269 1349 3347 hominum3
1372 3274 1467 3335 vacat

527 3371 598 3435 Tua
620 3377 680 3436 nec
702 3371 832 3435 trisulca
853 3372 994 3436 mundus
1017 3371 1154 3436 ardescit
1176 3372 1256 3437 face.

258 3470 403 3551 Apparet
424 3475 530 3556 igitur,
553 3476 580 3538 si
602 3476 771 3539 minimum
793 3475 985 3557 perpendas
1009 3475 1188 3557 disyllabon
1210 3476 1377 3558 postulari.
1419 3476 1466 3541 Ex

172 3593 237 3655 quo
271 3575 477 3654 perspicuum
511 3582 559 3642 est
592 3580 697 3659 prima
729 3579 812 3642 thesi
841 3598 951 3642 versus
981 3582 1050 3642 turn
1081 3578 1179 3641 modo
1210 3580 1403 3643 sententiam
1432 3569 1486 3643 in'

171 3678 336 3757 superiore
359 3681 507 3759 coeptam
525 3681 609 3745 finiri
626 3701 731 3764 posse,
757 3702 830 3746 curn
846 3686 902 3746 aut
920 3681 1115 3745 vocabulum
1133 3682 1166 3744 in
1182 3681 1320 3746 alterum
1336 3702 1465 3746 versum

170 3779 362 3844 translatum
391 3781 519 3845 eliditur
542 3784 589 3864 (ut
612 3785 748 3849 Phaedr.
775 3785 868 3849 1040.
891 3784 1005 3865 Agam.
1030 3786 1093 3848 988
1116 3784 1256 3866 alibique
1278 3786 1464 3870 interdurn),
1575 3842 1576 3847 ,

171 3888 226 3947 aut
259 3904 370 3948 versus
403 3885 446 3948 ab
476 3890 654 3966 anapaesto
681 3888 792 3969 incipit
821 3887 873 3972 (cf.
905 3887 1042 3950 Phaedr.
1075 3889 1147 3964 680,
1180 3887 1287 3968 qualia
1318 3889 1465 3970 exempla

170 3986 253 4051 ultra
282 4007 349 4051 non
375 3989 507 4072 inveni).
553 3988 648 4065 Quod
671 3991 697 4053 si
718 3992 765 4069 fit,
788 3994 864 4072 post
885 3989 1101 4072 pyrrhichiam
1124 4010 1239 4054 vocem
1260 4011 1391 4072 gravem
1415 3993 1463 4056 di-

170 4089 375 4154 stinctionem
405 4112 472 4156 non
494 4091 661 4155 ferendam
685 4112 753 4157 esse
776 4095 902 4157 monuit
924 4092 974 4156 Fr.
998 4093 1063 4155 Leo
1087 4092 1226 4178 (observ.
1251 4095 1318 4156 crit.
1342 4115 1373 4175 p.
1398 4095 1463 4178 59),

172 4192 228 4271 qui
250 4193 343 4259 Herc.
367 4193 439 4259 Oet.
463 4197 537 4273 906,
561 4194 616 4259 ubi
640 4195 717 4258 olim
738 4196 919 4278 legebatur:

427 4300 492 4363 Ter
513 4297 675 4379 parricida
697 4297 800 4363 factus
823 4300 944 4380 ignovit
967 4304 1078 4364 tamen

429 4400 515 4464 Sibi:
550 4403 626 4464 ne'nn
649 4401 767 4464 furoris
789 4400 878 4465 fonte
902 4402 1058 4485 Cinyphio
1081 4402 1183 4467 scelus

429 4503 497 4568 Sub
520 4507 581 4568 axe
603 4503 722 4587 Libyco
744 4505 843 4571 tersit.

258 4641 279 4709 ¹)
307 4649 332 4695 et
349 4657 403 4695 om.
422 4640 482 4695 libri
500 4641 662 4710 interpolati.
