3286 5198
808 184 962 280 28.

239 408 322 470 quae
345 389 479 472 exposui
500 388 583 457 infra
605 390 650 474 (p.
667 391 729 475 19).
752 390 902 454 Fortasse
920 389 1078 472 quispiam
1101 389 1199 454 etiam
1220 388 1313 456 Most.
1327 391 1389 455 638
1411 389 1543 455 allitte-

239 492 398 557 rationem
419 492 488 557 vult
510 492 650 574 agnosci,
680 513 723 557 sc.
747 493 774 557 si
795 512 855 574 pro
872 493 918 577 ph
940 492 1184 574 pronuntiatum
1206 512 1319 577 essep
1342 493 1541 559 statuimus:

556 649 559 654 .
691 597 788 679 Euge,
812 596 1012 661 Philolaches
1035 597 1067 681 (i.
1091 616 1118 660 e.
1141 596 1307 676 Piloloces)

560 699 730 764 Patrissat:
753 699 817 763 iam
839 699 938 764 homo
961 699 993 763 in
1016 703 1197 765 mercatura
1218 699 1363 764 vortitur.

238 803 278 868 cf.
306 803 403 868 etiam
430 801 515 868 Rud.
543 803 634 867 1045.
661 804 753 868 1191.
781 804 872 868 1348.
900 802 989 869 Asin.
1014 804 1087 867 397.
1142 802 1248 882 Quid?
1280 803 1307 868 si
1338 806 1457 886 poetae
1492 823 1539 869 eo

237 905 447 984 devenerunt,
469 908 506 971 ut
529 906 625 970 etiam
647 906 775 970 insolita
796 906 896 971 verba
918 925 984 970 non
1006 910 1210 989 respuerent,
1233 908 1411 971 dummodo
1433 906 1541 972 huius

237 1010 377 1074 maxime
399 1010 499 1074 amati
529 1010 710 1074 ornamenti
738 1013 932 1091 potestatem
961 1011 1125 1074 facerent?
1175 1011 1260 1074 Rem
1288 1009 1443 1075 intellexit
1464 1010 1539 1074 Lo-

236 1113 371 1192 renzius,
394 1113 450 1194 qui
472 1113 517 1197 (p.
541 1112 595 1198 37)
619 1113 767 1195 exempla
796 1114 898 1191 affert,
927 1117 964 1178 ut
985 1113 1101 1178 Pseud.
1124 1115 1204 1179 all:
1234 1115 1338 1198 (olivi)
1361 1111 1541 1199 Dy‘mamim

238 1217 323 1281 domi
344 1217 457 1282 habent
477 1238 659 1282 maxumam
681 1221 713 1281 et
734 1217 849 1282 Pseud.
875 1219 952 1282 743:
1433 1291 1435 1294 y

392 1320 559 1404 Erigepae:
582 1319 687 1404 lepide
710 1319 857 1398 Charine,
881 1340 954 1385 meo
978 1340 1030 1384 me
1052 1320 1129 1385 ludo
1151 1319 1361 1384 lamberas

238 1442 376 1505 quorum
401 1424 625 1507 exemplorum
647 1443 817 1488 numerum
840 1444 958 1507 augere
980 1424 1057 1489 nihil
1079 1423 1185 1488 refert.

323 1526 414 1605 Quae
437 1547 510 1592 curn
532 1527 577 1591 ita
599 1527 671 1605 sint,
695 1528 781 1610 quid,
805 1547 941 1610 quaese,
969 1532 1018 1592 est
1039 1518 1239 1592 ¹verisimihus
1260 1526 1425 1609 magisque
1449 1545 1538 1592 con·

238 1633 429 1694 sentaneum
458 1649 558 1712 quam
587 1632 700 1711 poetas
730 1630 762 1694 in
792 1631 938 1695 versibus
971 1630 1178 1695 discribendis
1208 1630 1242 1693 id
1270 1649 1398 1694 summo
1428 1648 1537 1712 opere

238 1734 375 1812 cavisse,
406 1752 448 1797 ne
470 1735 586 1813 verba,
621 1755 704 1818 quae
726 1735 931 1818 paromoeosi
955 1736 1148 1817 coniungere
1170 1734 1296 1813 liceret,
1329 1754 1440 1799 versus
1463 1735 1538 1802 fine

237 1834 471 1900 distraherent?
525 1838 637 1922 ltaque
671 1839 903 1903 allitterationis
932 1837 1035 1920 gratia
1060 1839 1181 1902 factum
1210 1842 1258 1902 est
1292 1842 1328 1902 ut
1349 1839 1539 1906 sententiae

236 1957 348 2002 versus
368 1938 504 2004 modum
526 1942 727 2007 excederent.
773 1942 844 2019 Quo
867 1942 969 2023 magis
990 1961 1042 2005 ros
1064 1944 1229 2023 appareat,
1251 1960 1356 2023 pauca
1378 1942 1537 2024 exempla

236 2040 331 2106 liceat
353 2042 478 2107 afferre.

322 2143 386 2208 Mil.
396 2145 475 2227 glor.
488 2147 563 2211 lau:
576 2147 672 2226 Quod
683 2148 735 2212 ille
746 2148 897 2231 gallinam
909 2151 964 2212 aut
972 2148 1156 2212 columbam
1167 2167 1201 2211 se
1212 2149 1327 2213 sectari
1335 2151 1391 2213 aut
1402 2148 1538 2216 simiam

574 2250 699 2328 Dicat,
732 2250 973 2333 disperistis,
1006 2251 1039 2314 ni
1072 2251 1242 2332 usquead
1269 2255 1408 2316 mortem
1443 2253 1537 2318 male

702 2354 902 2419 mulcassltis.

322 2453 385 2519 Mil.
408 2455 488 2537 glor.
511 2457 596 2520 413:
631 2457 721 2535 Quae
738 2477 790 2522 me
801 2461 833 2521 in
850 2456 929 2522 locis
941 2457 1108 2538 Neptuniis
1124 2457 1315 2539 templisque
1333 2457 1536 2525 turbulentis

633 2560 828 2638 Servavit,
859 2560 984 2625 saevis
1011 2560 1160 2624 fluctibus
1186 2559 1242 2624 ubi
1269 2580 1341 2624 sum
1363 2560 1535 2628 adflictata

390 2720 394 2727 .
703 2664 851 2728 multum.
982 2674 984 2681 '

322 2763 385 2828 Mil.
398 2764 477 2846 glor.
494 2766 596 2830 1161:
630 2765 763 2853 Militem
785 2766 890 2848 lepide
913 2769 946 2831 et
967 2766 1070 2830 facete
1093 2769 1125 2829 et
1146 2766 1233 2830 laute
1255 2766 1446 2831 ludificarier

631 2870 724 2933 leo.
748 2869 781 2938 iss
804 2870 1056 2951 Voluptatem
1078 2872 1238 2934 mecastor
1260 2870 1304 2934 mi
1326 2870 1476 2951 imperas.

322 2971 437 3037 Pseud.
461 2972 541 3035 434:
698 2972 775 3054 quid
797 2992 927 3050 novom,
951 2971 1139 3036 adulescens
1160 2972 1259 3037 homo

568 3074 608 3138 si
630 3079 750 3155 amat,
774 3075 806 3139 si
829 3076 991 3139 amicam
1014 3075 1150 3139 liberat?

322 3176 407 3242 Rud.
432 3179 511 3243 643:
546 3178 670 3256 lerus
688 3179 862 3242 advorsum
884 3179 932 3243 ius
955 3179 1104 3260 legesque
1127 3178 1274 3260 insignite
1297 3179 1411 3244 iniuria
1432 3179 1486 3245 hic

545 3282 705 3347 Factast
727 3282 853 3364 fitque
875 3283 907 3346 in
932 3283 1061 3347 Veneris
1083 3282 1188 3346 fano.

321 3382 406 3450 Rud.
431 3385 511 3449 657:
668 3386 682 3449 l
705 3386 839 3450 obsecro
862 3386 957 3464 intro,
981 3386 1115 3450 subveni

545 3465 639 3553 illis.
663 3487 698 3558 ssl
719 3490 863 3554 lterum
891 3492 1000 3554 autem
1022 3491 1237 3572 inperabo?

321 3590 438 3657 Bacch.
456 3593 536 3657 554:
564 3592 649 3658 Nam
665 3594 699 3658 ni
709 3594 754 3658 ita
765 3583 864 3672 esset,¹
877 3598 985 3658 tecum
998 3613 1125 3658 orarem
1136 3597 1172 3657 ut
1184 3594 1213 3658 ei
1226 3593 1314 3676 quod
1325 3613 1437 3675 posses
1449 3595 1531 3661 mali

571 3697 713 3762 Facere
737 3697 900 3763 iaceres.
924 3697 959 3765 sst
980 3698 1038 3761 Dic
1060 3698 1158 3762 modo
1175 3752 1181 3764 .
1196 3747 1225 3763 ..

321 3796 405 3862 Men.
432 3799 510 3864 156:
668 3801 805 3866 Oculum
828 3802 966 3865 ecfodito
990 3821 1049 3883 per
1071 3801 1175 3865 solum

526 3903 633 3983 Mihi,
672 3904 934 3982 Menaechme,
976 3905 1002 3968 si
1039 3903 1140 3968 ullum
1173 3905 1307 3969 verbum
1341 3903 1432 3982 faxo,
1467 3905 1533 3971 nisi

641 4008 728 4089 quod
750 4008 888 4072 iusseris,

322 4108 416 4174 Most.
440 4110 519 4175 loa:
543 4110 613 4174 Hac
624 4111 708 4175 illast
718 4115 894 4192 tempestas
906 4131 988 4189 mea,
1007 4110 1084 4176 mihi
1096 4131 1179 4193 quae
1190 4111 1383 4176 modestiam
1394 4129 1530 4178 omnem

546 4215 704 4278 Detexit
720 4217 848 4278 tectus
866 4235 931 4296 qua
948 4215 1002 4291 lui,
1021 4235 1120 4298 quom
1136 4214 1213 4278 mihi
1231 4215 1332 4279 Amor
1349 4218 1381 4279 et
1398 4212 1529 4296 Cupido

545 4317 582 4380 ln
604 4320 716 4398 pectus
738 4317 877 4399 perpluit
899 4338 1018 4382 meum.

322 4418 403 4483 Item
425 4419 457 4482 in
481 4420 622 4497 canticis,
646 4419 733 4482 velut
755 4419 840 4490 Men.
866 4422 941 4485 112:

498 4523 691 4587 Praeterhac
713 4525 740 4586 si
762 4523 839 4586 mihi
861 4524 925 4588 tale
947 4528 1022 4606 post
1044 4525 1129 4589 hunc
1152 4525 1236 4589 diem

499 4625 627 4705 Faxis,
650 4626 744 4689 laxo
768 4626 865 4691 foris
887 4627 983 4693 vidua
1004 4628 1088 4692 visas
1110 4630 1245 4709 patrem.
