3286 5198
798 140 841 203 49

556 345 592 412 B.
627 345 665 410 in
688 345 858 411 senariis
881 345 1075 413 iambicis,

258 463 346 530 Trin.
369 464 486 530 Pseud.
510 463 573 531 Mil.
597 465 676 547 glor.
700 470 777 548 apta
800 466 948 549 exempla
970 485 1037 530 non
1059 467 1226 548 praebent.

260 567 413 632 Videmus
434 567 529 649 igitur
550 569 772 649 praedicatum
795 590 813 634 e
835 589 894 634 sua
915 569 1074 634 sententia
1096 589 1254 652 versuque
1276 574 1469 653 antecapere

171 674 290 752 poetae
319 691 451 752 prorsus
480 690 548 736 non
579 672 717 740 libuisse.
771 673 818 738 Eo
851 672 945 755 plura
978 691 1080 754 eaque
1113 672 1214 754 magis
1247 674 1470 739 memorabilia

173 774 322 855 exempla
345 779 466 852 extant,
488 775 546 839 ubi
566 776 788 858 praedicatum
811 777 844 840 in
866 777 955 840 initio
978 775 1108 840 alterius
1129 795 1241 841 versus
1263 777 1415 858 sequitur.

550 963 585 1034 2.
617 964 880 1035 Praedicatum
902 965 1088 1053 sequitur.

504 1085 543 1149 A.
577 1086 616 1149 in
637 1086 831 1151 versibus
854 1086 1136 1168 longioribus

260 1203 348 1268 Trin.
373 1205 450 1269 717:
606 1207 723 1271 nudius
745 1210 854 1271 sextus
876 1207 953 1289 quoi
974 1206 1132 1271 talentum
1155 1209 1304 1271 mutuom

477 1307 572 1386 Dedi,
611 1329 796 1392 reposcam,
844 1315 880 1375 ut
912 1311 1053 1375 habeam
1085 1329 1213 1374 mecum
1246 1309 1334 1392 quod
1367 1309 1470 1375 leram

443 1471 446 1478 .
572 1412 733 1484 viaticum.

375 1515 455 1579 919:
612 1516 671 1579 nisi
693 1535 815 1581 nomen
837 1518 938 1598 patris

477 1619 584 1695 Dices,
624 1639 690 1682 non
720 1624 877 1685 mostrare
907 1624 984 1701 pote
1013 1621 1091 1684 istos
1121 1620 1284 1698 homineS,
1324 1639 1406 1702 quos
1435 1623 1471 1684 tu

574 1722 744 1804 quaeritas.

355 1825 455 1890 maa:
612 1829 656 1904 ut,
681 1846 859 1907 quaecum
884 1827 950 1890 eius
972 1826 1038 1890 filio

479 1912 545 2011 Egi,
569 1929 598 1992 ei
619 1929 666 1993 rei
687 1929 806 1994 fundus
828 1933 921 2011 pater
943 1930 984 1993 sit
1006 1929 1122 2010 potior.

263 2031 379 2097 Pseud.
407 2033 503 2097 1905:
659 2036 695 2096 ut
718 2032 814 2096 docte
837 2032 949 2096 dolum

531 2135 766 2203 commentust.

263 2237 325 2304 Mil.
349 2238 427 2320 glor.
452 2240 531 2304 131:
688 2242 776 2303 at-te
799 2240 945 2321 luppiter

552 2344 640 2407 Bene
664 2346 759 2408 amet.

448 2447 527 2510 153:
685 2446 863 2510 dummodo
885 2446 972 2510 hunc
994 2445 1099 2526 prima
1121 2446 1173 2508 via

446 2608 449 2615 .
553 2525 756 2626 inducamus,
779 2569 856 2613 vera
874 2552 909 2613 ut
927 2568 996 2612 esse
1019 2548 1130 2612 credat
1148 2566 1231 2629 quae
1252 2547 1470 2613 mentibimur.

448 2653 527 2716 403:
685 2672 726 2715 ne
749 2656 784 2715 tu
805 2652 913 2716 hercle
936 2671 1018 2729 sero,
1043 2651 1167 2732 opinor,

555 2756 745 2837 Resipisces.
769 2755 795 2820 si
818 2755 861 2818 ad
883 2775 974 2819 erum
988 2804 994 2819 .
1010 2809 1037 2822 ..

265 2858 313 2926 Cf.
341 2859 428 2925 Trin.
458 2860 531 2925 618,
583 2859 699 2925 Pseud.
728 2859 801 2923 613.
834 2859 926 2924 1193.
953 2858 1044 2922 1140.
1097 2857 1160 2925 Mil.
1184 2857 1263 2939 glor.
1296 2857 1367 2921 161.
1400 2857 1470 2922 175.

179 2963 252 3028 364.
276 2963 446 3028 113162.
471 2964 543 3029 618.
568 2963 640 3029 646.
664 2964 755 3028 1015.
783 2964 873 3029 1161.
902 2963 993 3027 1172.

570 3135 607 3200 B.
642 3134 680 3198 in
702 3134 871 3198 senariis
895 3133 1081 3198 iambicis

265 3255 352 3321 Trin.
378 3255 457 3318 711:
492 3254 591 3332 Quasi
613 3255 655 3319 ad
678 3255 918 3318 adulescentem
941 3274 961 3319 a
982 3257 1075 3336 patre
1098 3273 1138 3318 ex
1160 3252 1307 3317 Seleucia

494 3358 622 3422 Veniat:
646 3359 784 3422 salutem
807 3358 835 3420 ei
857 3358 984 3422 nuntiet
1005 3357 1111 3422 verbis
1133 3356 1243 3438 patris.

378 3462 455 3526 817:
491 3461 636 3543 Eumque
660 3460 723 3524 huc
745 3461 788 3524 ad
810 3460 1050 3525 adulescentem
1071 3459 1263 3524 meditatum
1285 3458 1388 3539 probe

489 3564 624 3629 Mittam.
648 3563 682 3632 a
704 3548 751 3628 Eo
775 3584 834 3645 ego
852 3618 857 3630 .
873 3617 900 3630 ..

267 3667 382 3733 Pseud.
410 3669 469 3732 13:
626 3668 659 3732 id
681 3669 713 3732 te
737 3666 878 3749 Iuppiter

493 3771 700 3836 Prohibessit.

410 3875 468 3939 53:
626 3875 808 3958 quindecim
830 3874 920 3939 miles
944 3872 1048 3937 minas

492 3978 649 4042 Dederat:
673 3998 866 4043 nuncunae
889 3977 1030 4061 quinque
1053 3978 1258 4040 remorantur
1280 3975 1396 4042 minae.

267 4081 330 4149 Mil.
354 4082 432 4163 glor.
457 4082 535 4147 561:
693 4085 814 4145 alnon
837 4081 994 4145 malitiose
1016 4083 1127 4145 tamen

542 4183 624 4249 Feci.
650 4185 683 4252 sst
705 4160 808 4249 immo
831 4185 970 4266 indigne.

451 4288 530 4354 565:
689 4308 791 4369 egone
814 4289 840 4352 si
862 4287 1044 4370 posthunc
1067 4287 1153 4351 diem

558 4390 739 4468 Muttinem,
764 4392 862 4456 etiarn
884 4392 973 4473 quod
996 4395 1124 4473 egomet
1147 4393 1235 4454 certo
1258 4388 1333 4453 scio.

453 4495 531 4558 576:
689 4514 788 4575 quam
810 4494 948 4576 benigne
971 4495 1108 4576 gratiam

557 4597 653 4673 Fecit,
677 4617 718 4660 ne
741 4597 840 4661 iratus
864 4601 956 4662 essct.

1270 4718 1288 4769 11
