3286 5198
772 147 810 209 19

230 349 352 415 Similia
374 350 426 415 hic
448 354 546 433 atque
568 352 631 416 illic
655 353 750 418 etiam
773 353 805 417 in
829 353 894 417 fine
917 373 1027 418 versus
1049 353 1122 418 ficet
1145 354 1326 434 observare,
1349 355 1438 420 velut

142 452 235 518 Most.
258 454 339 518 450:
496 453 685 532 Quidum?
707 455 740 524 tss
763 455 832 520 Sic:
863 456 952 538 quia

373 557 464 621 Foris
487 558 669 622 ambulatis.

227 659 343 724 Pseud.
368 661 431 725 336
454 659 522 746 (ubi
544 663 655 725 tamen
677 661 709 725 in
732 662 797 726 fine
819 681 929 726 versus
952 661 1184 748 distinguiturtz

503 763 684 842 Quidum?
707 764 741 832 ssl
763 765 836 829 Sic:
860 764 968 847 quia,

374 865 409 930 Si
431 886 491 948 ego
514 870 679 931 emortuos
702 867 773 944 sim,
796 867 933 931 Athenis
955 872 988 931 te
1011 866 1051 932 sit
1073 888 1170 934 nemo
1193 874 1337 952 nequior.

227 969 308 1033 ltem
329 969 416 1034 Trin.
440 971 522 1035 884:
678 970 780 1049 Quid
801 971 870 1036 ita?
892 969 927 1040 ssl
949 970 1067 1049 Quia,
1090 976 1193 1055 pater,

538 1073 571 1139 Si
595 1077 671 1139 ante
692 1074 799 1139 lucem
820 1075 866 1139 ire
887 1074 994 1139 hercle
1017 1075 1176 1157 occipias.
1191 1125 1219 1143 ..

227 1176 379 1241 Similiter
405 1177 439 1240 in
469 1176 609 1256 canticis,
643 1181 679 1241 ut
706 1177 801 1241 Most.
825 1178 887 1242 739
919 1178 974 1262 (so.
1006 1179 1184 1243 secundum
1211 1179 1358 1244 codicum
1385 1181 1434 1245 di·

141 1279 378 1364 scriptionem):

279 1384 325 1448 Ei.
348 1382 383 1453 ssl
405 1383 489 1462 Quid
512 1388 585 1449 est?
607 1383 642 1453 lss
664 1384 716 1449 Me
738 1383 901 1462 miserum,
912 1383 937 1461 ¹)
961 1384 1072 1452 occidi.
1096 1385 1130 1453 lss
1153 1385 1256 1464 Qui?
1277 1385 1312 1455 ssl
1336 1387 1435 1465 Quia

280 1487 375 1551 Venit
396 1487 488 1552 naris
510 1491 641 1552 nostrae
664 1487 738 1552 navi
761 1490 845 1569 quae
866 1487 995 1570 frangat
1017 1491 1130 1554 ratem.

225 1590 392 1654 Interdum
414 1593 524 1655 autem
546 1594 579 1654 et
600 1590 633 1654 in
656 1588 752 1676 initio:
768 1610 878 1655 versus
902 1594 934 1654 et
962 1590 995 1654 in
1028 1589 1093 1655 fine
1121 1590 1302 1656 allitteratio
1332 1612 1434 1675 agno-

139 1693 259 1758 scenda
281 1695 343 1770 est;
369 1693 457 1757 cuius
479 1693 525 1756 rei
546 1693 649 1775 gratia
670 1696 784 1776 poetas
804 1693 980 1757 sententias
998 1712 1093 1757 versu
1112 1693 1345 1778 interrumpere
1367 1715 1434 1760 non

139 1796 303 1860 dubitasse
325 1795 397 1859 luce
420 1799 468 1859 est
491 1795 615 1862 clarius,
659 1795 770 1860 Affero
792 1796 883 1860 verbi
905 1797 1010 1878 gratia
1031 1795 1114 1863 Men.
1143 1798 1240 1863 1090:

448 1899 541 1963 Post
563 1900 698 1963 eandem
720 1899 889 1981 patriam
912 1918 950 1963 ao
972 1902 1124 1981 patrem

337 2000 535 2069 Memorat.
558 2002 716 2067 meliust
738 2023 798 2068 nos
820 2003 909 2067 adire
931 2006 1029 2085 atque
1050 2003 1137 2067 hunc
1158 2005 1385 2087 percontarier.

225 2106 347 2171 Eadem
369 2110 418 2170 est
439 2105 533 2186 ratio,
556 2107 702 2188 quamvis
725 2107 821 2172 aliam
843 2108 1023 2191 praebeant
1045 2108 1194 2191 speciem,
1216 2107 1334 2173 talibus
1355 2108 1433 2172 locis

139 2214 174 2273 ut
197 2209 289 2292 Capt.
314 2211 393 2275 764:
549 2210 725 2276 Nominis

417 2313 566 2378 Miserere
590 2318 753 2398 certumst,
778 2316 853 2397 quia
875 2319 939 2380 mei
961 2316 1091 2380 miseret
1113 2315 1317 2380 neminem.

223 2416 272 2479 Ac
294 2415 334 2480 de
357 2415 583 2481 allitteratione
604 2417 771 2483 hactenus
817 2420 885 2484 lam
908 2439 975 2485 non
993 2418 1094 2501 magis
1111 2418 1154 2482 ad
1173 2418 1312 2483 formam
1334 2438 1432 2500 quam
1462 2443 1593 2488 oenum

138 2517 179 2581 ad
212 2538 343 2583 sensum
371 2519 533 2601 pertinent
562 2520 591 2585 ei
620 2521 699 2599 loci,
744 2521 799 2586 ubi
840 2523 984 2587 eadem
1020 2541 1166 2586 vocum
1201 2541 1353 2604 genera
1387 2542 1432 2587 ac
1456 2495 1600 2599 ἔξέιξιοὲῗιῗ-

137 2621 283 2686 formas
305 2625 403 2704 poeta
424 2623 528 2688 noluit
550 2623 710 2703 dissecari,
732 2625 820 2691 velut
841 2626 924 2693 Men.
948 2627 1029 2691 476:
1483 2598 1571 2652 Μ

394 2726 524 2806 Premit,
547 2727 669 2808 potavi,
692 2731 835 2792 scortum
858 2728 1010 2793 accubui:
1034 2727 1150 2811 apstuli

394 2829 488 2894 Hanc
510 2830 625 2913 quoius
648 2831 742 2895 heres
764 2851 931 2915 nunquam
955 2832 1015 2897 erit
1035 2835 1111 2915 post
1132 2832 1218 2896 hunc
1241 2831 1335 2898 diem.

222 2930 305 2995 Men.
331 2932 411 2997 690:
569 2933 694 2997 Patiar:
719 2934 777 2999 tibi
798 2935 894 3012 habe,
918 2934 981 3012 abi,
1005 2935 1113 2999 aufer:
1136 2938 1226 2999 utere

437 3035 495 3100 Vel
517 3039 554 3100 tu
575 3037 626 3101 vel
648 3040 706 3101 tua
727 3057 818 3104 uxor.

222 3137 315 3204 Most.
341 3140 440 3204 1160:
474 3140 616 3217 FaenuS,
648 3144 770 3205 sortem
801 3144 1031 3224 sumptumque
1061 3161 1209 3222 omnem,
1243 3141 1298 3224 qui
1327 3142 1431 3206 amica

459 3242 462 3250 '
550 3246 699 3325 emptast,
724 3244 834 3308 omnia

471 3346 538 3411 Nos
551 3346 709 3425 dabimus,
717 3367 777 3411 nos
790 3347 1002 3426 conferemus,
1011 3351 1122 3413 nostro
1134 3352 1275 3431 sumptu,
1285 3368 1352 3413 non
1361 3352 1418 3413 tuo

135 3447 191 3511 ubi
213 3447 245 3510 in
268 3449 371 3513 altero
394 3469 488 3513 versu
511 3450 630 3532 aliquid
653 3451 738 3515 valet
761 3451 859 3514 etiam
881 3451 1073 3515 allitteratio.

223 3551 294 3618 Cas.
320 3553 397 3617 767:
440 3552 557 3617 Vilicus
580 3553 631 3618 hic
654 3557 763 3618 autem
786 3573 860 3618 curn
883 3573 1004 3618 corona
1026 3553 1161 3618 candide

435 3656 576 3721 Vestitus
598 3657 704 3721 lautus
727 3660 901 3722 exornatus
923 3657 1077 3724 ambulat.

134 3756 189 3821 ubi
211 3758 311 3822 verba
342 3759 475 3823 candide
497 3763 530 3824 et
551 3763 677 3826 vestitus
704 3761 862 3825 artissime
889 3759 1080 3835 cohaerent,
1110 3761 1233 3824 accedit
1262 3761 1295 3824 in
1322 3761 1428 3844 priore
1558 3832 1562 3841 ,

133 3880 228 3924 versu
251 3861 444 3926 allitteratio.

220 3963 283 4030 Mil.
307 3965 385 4046 glor.
411 3968 488 4031 775:
526 3950 606 4031 Erus
628 3987 721 4031 meus
743 3968 788 4031 ita
810 3987 946 4049 magnus
969 3965 1122 4030 moechus
1145 3966 1362 4046 mulierumst,
1392 3970 1428 4031 ut

651 4070 813 4134 neminem

525 4172 636 4237 Firisse
659 4193 761 4255 aeque
784 4191 889 4254 neque
911 4172 1054 4236 futurum
1076 4172 1183 4238 eredo.

134 4272 345 4338 Observanda
368 4278 416 4339 est
438 4274 489 4338 hio
512 4294 642 4356 quoque
664 4275 856 4342 allitteratio.

219 4377 278 4441 His
301 4378 521 4442 manifestiora
543 4379 710 4461 magisque
731 4378 953 4443 memorabilia
971 4377 1119 4443 videntur
1137 4398 1176 4443 ea
1193 4378 1349 4459 exempla,
1372 4376 1428 4440 ubi
1513 4437 1516 4442 .

133 4480 264 4545 alicuius
285 4499 445 4563 personae
468 4481 571 4544 oratio
593 4481 693 4545 verbo
717 4481 858 4563 quodam
881 4480 1005 4558 finitur,
1040 4481 1182 4545 eiusdem
1205 4484 1315 4546 autem
1336 4480 1426 4544 verbi

220 4618 240 4687 ¹)
268 4619 333 4674 Post
349 4622 479 4674 miserum
497 4618 554 4672 hiat
572 4617 667 4673 oratio.

1217 4719 1250 4772 p*
