3286 5198
668 188 822 283 --M-,m

465 395 504 458 A.
526 393 771 475 tragicorum
793 393 1029 475 fragmenta.

186 515 307 579 Naevi
330 515 388 578 29:
543 511 652 600 [alias]
675 513 733 578 alis

408 617 553 682 Subllme
581 617 614 680 in
637 617 720 681 altos
734 616 758 702 ¹)
783 616 883 681 saltus
905 616 1022 681 inlicite
1045 616 1188 703 [invios],

406 719 469 784 Ubi
491 720 625 801 bipedes
648 720 794 784 volucres
816 719 882 785 lino
901 719 1049 802 linquant
1070 721 1202 786 lumina.

99 826 154 890 Sic
176 825 373 891 Ribbeckius
403 823 516 900 edidit,
546 842 645 905 quam
670 843 821 888 versuum
853 823 1092 904 discriptionem
1113 843 1223 889 veram
1247 844 1317 890 esse
1339 825 1392 889 vix

99 929 298 994 crediderim.
343 927 410 990 Nec
437 926 539 1008 magis
565 926 724 1009 persuasit
755 926 833 990 mihi
862 924 1077 991 Buechelerus
1107 927 1229 1012 (coroll.
1251 948 1283 1009 p.
1300 928 1390 1008 XM).

100 1033 140 1096 Et
159 1031 266 1097 sensui
283 1036 315 1095 et
334 1029 476 1094 numeris
496 1029 659 1109 satisfacit,
682 1030 771 1112 quod
789 1031 863 1097 Luc.
883 1029 1052 1094 Muellerus
1071 1050 1124 1113 ap.
1147 1028 1230 1096 Non.
1247 1031 1391 1096 exhibet:

255 1133 324 1199 Alis
346 1134 380 1197 in
402 1133 481 1197 alios
504 1133 604 1197 saltus
626 1132 743 1197 inlicite
767 1131 880 1218 [ilico],

255 1238 318 1302 Ubi
340 1237 473 1319 bipedes
495 1236 641 1300 volucres
662 1236 728 1299 lino
750 1235 898 1318 linquont
921 1235 1051 1301 lumina.

187 1342 289 1407 Enni

273 1447 302 1511 a.
461 1465 520 1527 per
542 1464 602 1527 ego
626 1445 723 1510 deum
746 1442 899 1507 sublimas
922 1442 1048 1507 subices

317 1523 461 1627 timidas,
483 1549 570 1614 unde
593 1548 694 1612 oritur
715 1546 819 1611 imber
842 1545 950 1610 sonitu
973 1566 1070 1611 saevo
1093 1551 1125 1611 et
1147 1549 1237 1630 spirit
1261 1603 1267 1615 .

100 1653 153 1718 Sic
175 1653 370 1717 Ribbeokius
402 1656 489 1716 recte
522 1651 647 1732 scripsit
673 1650 880 1715 Lachmanno
913 1651 1055 1715 auctore.
1111 1650 1195 1715 Nam
1228 1653 1282 1734 qui
1310 1653 1392 1718 duos

100 1756 245 1821 senarios
277 1756 398 1832 statuit,
433 1759 464 1819 et
497 1755 692 1819 sententiam
724 1752 829 1835 perdit
863 1755 895 1815 et
929 1771 1066 1819 versum.
1128 1753 1273 1819 Primum
1307 1757 1392 1821 enim

100 1863 236 1942 apparet
258 1859 358 1923 verba
378 1858 433 1924 illa
455 1859 586 1941 quidem
615 1858 766 1923 scilianus
793 1855 912 1920 subices
942 1859 1011 1920 arte
1041 1857 1124 1921 inter
1153 1877 1188 1922 se
1210 1859 1392 1938 cohaerere,

99 1963 237 2027 umidas·
255 1965 364 2026 autem
394 1962 495 2044 magis
522 1961 627 2026 solute
649 1960 740 2033 addi,
772 1960 860 2024 cuius
890 1960 935 2022 rei
965 1959 1067 2041 gratia
1093 1960 1181 2025 haud
1211 1962 1295 2026 male
1317 1963 1391 2030 Luc.

100 2065 272 2131 Muellerus
293 2070 368 2147 post
390 2065 507 2130 subices
529 2065 680 2132 distinxit.
717 2064 801 2128 Turn
824 2062 992 2144 splendida
1015 2062 1197 2129 allitteratio
1220 2065 1393 2130 verborum

101 2170 213 2252 utique
236 2168 396 2233 servanda
418 2172 475 2235 est.

276 2273 304 2337 7.
462 2291 539 2337 nam
561 2271 698 2335 consiliis
720 2269 889 2346 obvarant,
914 2270 1030 2351 quibus

318 2374 473 2439 Concedit
495 2375 616 2439 Hector
626 2375 662 2459 2).

104 2478 156 2543 Sic
187 2478 382 2543 Ribbeckius
414 2478 495 2542 salso
529 2479 670 2560 scripsit3
711 2496 770 2541 nec
804 2475 938 2539 meliora
970 2476 1129 2558 prompsit
1161 2477 1247 2541 idern
1282 2479 1391 2547 coroll.

104 2602 136 2664 p.
158 2581 243 2646 XVI:
273 2602 351 2646 narn
374 2581 536 2646 obiectum
558 2581 668 2666 quibus
687 2579 785 2662 priori
807 2578 911 2642 versui
943 2578 1104 2642 adnexum
1134 2599 1201 2645 non
1223 2581 1392 2647 ferendum

102 2689 160 2756 est.
205 2686 337 2750 Rectius
360 2686 434 2751 Luc.
458 2685 646 2750 Muellerus:

256 2789 341 2854 Nam
363 2787 520 2852 consilicis
543 2787 676 2874 [Danai]
700 2786 858 2850 obvarant

258 2892 374 2970 Quibu'
396 2893 462 2957 iarn
484 2891 649 2956 concediti’
672 2889 778 2954 corde.

279 2997 327 3060 10.
484 3015 645 3060 summam
667 2998 703 3059 tu
725 2992 783 3056 tibi

339 3099 403 3162 Pro
426 3099 512 3163 mala
530 3099 596 3162 vita
617 3098 738 3162 lamam
755 3095 898 3171 extolles,
921 3114 981 3176 pro
998 3095 1086 3159 bona
1101 3098 1230 3178 partam
1248 3097 1392 3180 gloriam.

101 3202 156 3267 Sic
177 3202 372 3267 Ribbeckius
395 3202 579 3266 coniectura
601 3201 682 3265 facili
706 3206 738 3264 et
760 3203 846 3281 apta.
898 3198 1032 3264 Servata
1059 3198 1215 3264 librorum
1237 3202 1395 3285 scriptura

101 3305 307 3387 discriptione
329 3325 406 3370 usos
429 3309 477 3369 est
499 3304 637 3386 pessima
659 3303 857 3386 Geppertus:

413 3411 574 3474 summam
596 3411 632 3471 tu
654 3407 711 3471 tibi
733 3426 793 3488 pro
816 3406 902 3470 mala

257 3513 330 3576 Vita
352 3511 473 3577 lamam
496 3511 628 3575 extolles
650 3514 681 3574 et
704 3528 764 3590 pro
786 3509 874 3573 bona
896 3513 1045 3590 paratam
1067 3510 1210 3591 gloriam.

276 3617 327 3682 98.
350 3614 414 3700 A3)
438 3615 508 3679 filiis
530 3616 664 3697 propter
685 3616 717 3677 te
740 3612 867 3676 obiecta
888 3632 960 3676 sum
982 3612 1136 3677 innocens

345 3718 449 3784 Nerei.

102 3823 205 3887 Huius
237 3821 316 3898 loci,
360 3821 490 3904 qualern
530 3821 693 3885 constituit
733 3819 947 3883 Buechelerus
989 3817 1135 3904 (coniect.
1169 3821 1223 3888 lat.
1263 3823 1296 3887 in
1329 3825 1393 3892 ind.

103 3924 202 3992 schol.
225 3924 343 4007 Gryph.
363 3945 441 3992 sem.
464 3924 529 3990 bib.
554 3922 709 4007 lacescat,
734 3925 766 3986 et
788 3920 950 4003 discriptio
969 3925 1001 3985 et
1022 3923 1212 4003 praesertim
1235 3928 1394 3992 sententia

105 4026 257 4108 displicet.
323 4028 406 4092 Puto
448 4027 533 4091 enim
568 4025 740 4090 desiderari
775 4025 936 4102 dativum,
978 4025 1033 4108 qui
1066 4027 1261 4108 respondeat
1294 4031 1394 4096 verbo

104 4129 220 4195 obiecta
248 4153 327 4198 sum.
381 4132 493 4212 Itaque
522 4130 795 4212 praepositionem
827 4148 951 4194 osane
984 4128 1133 4194 facillima
1162 4131 1345 4197 coniectura
1374 4154 1394 4199 a

191 4301 211 4367 ¹)
229 4307 358 4359 sublimen
381 4307 451 4358 alios
469 4304 555 4366 codd,
574 4306 692 4356 ceterum
715 4303 748 4356 cl.
771 4305 918 4370 apparatus
936 4301 1042 4356 criticos
1065 4303 1139 4371 apud
1156 4302 1352 4358 Ribbeckium²
1369 4312 1395 4362 et

101 4390 175 4458 apud
185 4390 249 4444 Luc.
258 4391 428 4455 Muellerum3
447 4407 496 4459 ego
515 4389 672 4459 praesertim
690 4389 736 4442 ubi
755 4389 869 4442 alterum
887 4387 984 4441 horum
998 4387 1118 4442 virorum
1131 4389 1272 4443 doctorum
1287 4407 1393 4460 sequor,

101 4475 207 4529 variam
223 4476 366 4530 lectionem
385 4493 441 4529 non
459 4492 564 4544 semper
582 4475 810 4529 commemorabo

189 4561 211 4628 ²)
238 4571 294 4616 tam
313 4562 430 4616 concedit
447 4565 491 4615 bic
509 4565 575 4615 ordo
593 4561 672 4615 codd.

189 4645 212 4713 3)
240 4667 258 4701 a
276 4664 329 4701 orn.
350 4649 429 4702 codd.
