3286 5198
590 1213 890 1346 Index.

95 1596 172 1663 Quae
193 1596 312 1650 rationes
335 1597 406 1651 inter
425 1613 518 1651 versus
542 1598 664 1665 singulos
688 1599 892 1667 sententiasque
914 1598 1083 1652 intercedant
1100 1597 1173 1666 apud
1191 1614 1246 1661 eos,
1303 1555 1359 1598 1³⁸8·

198 1683 245 1752 qui
264 1684 399 1738 Saturniis
417 1688 530 1737 utuntur
546 1721 1243 1739 .....................
1320 1683 1385 1736 1-3

94 1768 174 1837 Apud
192 1768 342 1823 Homerum
371 1809 1242 1825 ..........................
1317 1768 1386 1821 3-4

131 1895 142 1920 ,,
188 1854 354 1924 Aeschylum
374 1895 1242 1910 ..........................
1317 1854 1384 1907 Η

135 1982 147 2006 ,
193 1940 404 2011 Aristophanem
412 1981 1243 1996 .........................
1301 1940 1387 1994 7-10

132 2069 143 2092 ‚
191 2044 279 2082 novae
297 2029 454 2082 comoediae
473 2034 597 2083 auctores
617 2067 1242 2083 ...................
1285 2027 1382 2081 10-11

133 2154 144 2178 ,,
191 2113 295 2183 priscos
313 2115 452 2168 scaenicos
471 2116 612 2169 Romanos
618 2153 1246 2168 ...................
1276 2114 1305 2165 11
1325 2130 1385 2180 sqq.

97 2198 168 2265 Quid
186 2201 296 2254 valeant
312 2201 341 2254 iu
359 2203 411 2256 bac
429 2202 590 2270 quaestione
608 2202 681 2269 leges
699 2201 834 2264 metricae,
858 2218 927 2269 quas
951 2201 1031 2269 prisci
1056 2199 1173 2253 scaenici
1196 2199 1247 2252 sibi

200 2290 353 2341 statuerunt
371 2323 1243 2341 ..........................
1285 2285 1386 2337 ta-13

97 2370 241 2437 Quomodo
264 2372 308 2426 his
332 2373 436 2441 legibus
460 2375 623 2442 respondeat
646 2374 756 2441 linguae
779 2373 880 2426 latInae
903 2377 1001 2426 natura
1025 2389 1057 2426 ac
1080 2371 1247 2425 consuetudo

200 2459 333 2512 sermonis
350 2460 481 2529 pedestris
510 2497 1242 2514 ......................
1285 2457 1384 2509 13-17

95 2544 135 2596 De
153 2544 346 2599 allitteratione
363 2563 433 2614 quae
451 2546 548 2600 dicitur
583 2582 1243 2598 ....................
1286 2542 1386 2594 17-19

94 2629 134 2682 De
152 2629 242 2683 causis
260 2630 401 2684 rhetoricis
419 2633 657 2701 grarnmaticisque
683 2669 1243 2685 .................
1285 2627 1384 2681 19-21

96 2715 242 2784 Dispositio
260 2718 409 2770 secundum
428 2735 555 2772 versuum
573 2736 672 2786 genera
688 2754 1244 2772 .................
1283 2713 1388 2766 21-24

95 2801 221 2854 Exclusio
240 2818 342 2867 eorum,
368 2821 439 2872 quae
458 2809 522 2857 sunt
540 2805 692 2858 tolerabilia
715 2823 799 2873 quam
822 2803 940 2856 maxime
962 2840 1244 2856 .........
1283 2800 1387 2852 Ile-lb

95 2887 227 2954 Quotiens
246 2888 301 2941 lere
319 2890 454 2943 sententia
472 2908 521 2959 per
539 2908 632 2945 versus
656 2892 739 2944 finem
763 2890 931 2944 discindatur
960 2926 1243 2941 .........
1283 2886 1385 2939 eo-ar

95 2973 157 3040 Qua
181 2974 286 3028 ratione
310 2975 444 3030 sententia
467 2976 537 3030 inter
562 2978 630 3031 duos
654 2995 748 3031 versus
773 2976 949 3030 distribuatur
973 2975 1102 3042 exemplis
1129 2973 1248 3027 collectis

226 3062 420 3129 comprobatur
443 3098 1242 3116 ........................
1275 3059 1307 3111 at
1325 3075 1386 3126 sqq.

146 3147 166 3199 1.
190 3146 346 3201 Accusativi
359 3165 422 3201 curn
436 3149 569 3202 infinitivo
584 3166 655 3216 quac
668 3148 767 3202 dicitur
780 3148 945 3201 constructio
959 3146 1065 3214 integra
1079 3152 1127 3199 aut
1136 3146 1249 3199 verbum

190 3250 286 3300 regens
304 3235 427 3302 sequitur
445 3240 492 3289 aut
510 3235 645 3289 antecedit
685 3271 1244 3288 .................
1283 3230 1387 3285 97-28

134 3319 166 3372 ll.
191 3319 346 3374 Accusativi
365 3338 427 3375 cum
445 3321 579 3375 infinitivo
599 3322 764 3375 constructio
783 3337 863 3374 versu
883 3320 999 3374 dissecta
1031 3357 1244 3371 .......
1284 3316 1388 3369 28-30

121 3406 167 3460 III.
192 3406 310 3460 Verbum
330 3408 466 3461 infinitum
484 3424 564 3461 versu
583 3407 734 3475 seiungitur
756 3442 1244 3460 ...............
1284 3402 1385 3456 30-31

120 3491 163 3546 lV.
188 3491 336 3557 Vocabula,
355 3493 454 3562 quibus
472 3495 557 3556 locus,
575 3498 690 3561 tempus
709 3493 815 3555 modus,
830 3509 913 3545 causa
928 3493 1109 3545 instrumenta
1123 3507 1248 3558 quaeque

191 3584 255 3648 sunt
285 3580 351 3633 talia
375 3580 570 3649 significantur,
598 3596 648 3632 nec
675 3596 730 3632 non
755 3578 866 3632 ablativi
895 3577 1013 3631 absoluti
1040 3576 1204 3630 constructio
1232 3593 1249 3628 a

187 3663 293 3732 reliqua
310 3668 445 3721 sententia
463 3671 627 3736 separantur
650 3701 1244 3718 ..................
1284 3660 1387 3714 31-32

135 3749 166 3801 V.
191 3749 357 3805 adverbium
375 3769 469 3807 versus
487 3753 541 3807 fine
559 3752 709 3819 seiungitur
720 3786 1244 3802 ................
1284 3747 1388 3800 32-39

121 3835 164 3888 VI.
191 3835 347 3890 Subiectum
365 3855 444 3893 versu
462 3839 596 3893 dirimitur
616 3873 1244 3890 ...................
1282 3833 1388 3886 to-ll

109 3922 164 3975 Vll.
189 3920 334 3975 Obiectum
351 3924 408 3976 sive
426 3925 573 3979 accusativi
592 3923 641 3977 slvi
661 3923 745 3976 dativi
764 3940 863 3976 causus
881 3939 961 3976 versu
980 3921 1130 3988 seiungitur
1168 3960 1175 3972 .
1203 3960 1209 3972 .
1237 3958 1244 3972 .
1283 3919 1385 3972 44-47

95 4008 163 4060 VIII.
189 4007 378 4062 Praedicatum
393 4007 441 4076 (sc.
454 4010 568 4063 verbum
582 4015 695 4079 excepto
712 4010 795 4063 verbo
811 4008 993 4074 substantivo)
1009 4025 1089 4062 versu
1099 4007 1249 4075 seiungitur
1283 4007 1384 4060 48-51

121 4095 164 4146 IX.
189 4093 271 4147 Verbi
290 4111 344 4146 esse
360 4094 466 4148 formae
483 4096 629 4163 praedicati
648 4096 709 4150 loco
728 4096 833 4164 positae
848 4093 970 4163 (nomine
984 4095 1075 4162 aliquo
1090 4094 1249 4162 plerumque

191 4178 295 4247 addito)
314 4198 330 4233 a
348 4181 438 4234 verbis
456 4181 533 4234 nexis
551 4199 599 4250 per
617 4199 711 4236 versus
730 4183 832 4236 exitum
850 4187 1024 4236 removentur
1029 4219 1244 4235 .......
1283 4181 1387 4233 51-54

134 4267 164 4319 Χ.
189 4267 210 4318 Ε
235 4266 342 4320 duabus
365 4266 418 4332 (vel
446 4266 641 4335 compluribus)
669 4269 783 4322 vocibus
810 4267 931 4321 eiusdem
957 4267 1063 4335 generis
1090 4266 1250 4335 plerumque

191 4353 343 4408 coniunctis
359 4353 554 4423 particularum
570 4370 622 4422 ope
637 4372 707 4423 quae
721 4359 785 4410 sunt
801 4363 824 4408 et
843 4371 892 4423 que
907 4359 1082 4421 atqueaeque
1096 4360 1144 4405 out
1160 4368 1249 4420 quam,

190 4456 252 4493 raro
270 4441 400 4509 asyndete
418 4439 515 4508 positis
534 4457 589 4493 una
607 4440 636 4493 in
655 4441 769 4494 alterum
787 4456 896 4494 versum
914 4439 1077 4492 transfertur
1100 4477 1243 4491 .....
1282 4437 1386 4490 itt-56

121 4525 164 4578 Xl.
189 4527 295 4580 Nomen
313 4527 453 4597 proprium
473 4545 490 4580 a
508 4543 558 4580 suo
577 4527 688 4580 nomine
706 4527 869 4596 appellativo
888 4524 1039 4591 seiungitur
1059 4563 1243 4577 ......
1283 4525 1385 4577 56-57

108 4610 164 4664 XII.
190 4612 336 4667 Genetivus
355 4631 371 4667 a
389 4613 500 4666 nomine
517 4613 561 4667 vel
579 4613 740 4681 pronomine
758 4613 879 4681 pendens
897 4627 977 4666 versu
997 4610 1139 4664 avellitur.
1167 4650 1173 4662 .
1202 4650 1208 4662 .
1236 4650 1242 4662 .
1352 4611 1385 4664 57
