3286 5198
736 147 891 243 At-

168 377 225 440 opc
241 377 279 419 ne
297 355 355 418 tibi
378 355 381 441 l
406 354 480 419 Med
503 355 671 422 advorsari
685 358 745 417 etc.
776 354 872 418 scribi
892 353 981 417 iubet
998 354 1141 418 senarios
1161 353 1369 429 constituens,
1395 369 1465 414 non

169 462 217 522 est
242 458 437 535 inauditum,
469 457 526 521 sed
556 457 706 539 equidem
735 455 855 522 malim
872 457 1066 539 pronomina
1094 456 1278 538 personalia
1299 459 1369 519 tam
1393 456 1466 519 arte

169 561 325 626 collocata
340 562 463 662 'eodem
485 580 579 625 versu
603 559 841 641 comprehendi.
876 559 1064 641 Scripserim
1085 559 1283 642 igiturduce
1305 558 1464 640 Bergkio:

269 714 271 718 ,
326 664 395 745 Age
417 683 459 727 ne
481 663 539 727 tibi
561 663 636 727 med
658 663 823 727 advorsari
846 664 942 740 dicas,
965 664 1051 727 hunc
1073 682 1175 727 unum
1198 663 1283 727 diem

325 767 372 830 Dc
401 786 475 829 meo
506 767 609 830 sinam
639 785 739 848 equos
770 786 829 849 ego
858 766 929 830 illos
958 786 1036 830 esse.
1059 765 1095 833 ssl
1115 770 1172 829 tax
1193 784 1266 846 pax.
1289 764 1325 831 ssl
1346 767 1465 846 postca

325 869 508 933 Currenteis
531 889 590 950 ego
612 869 683 932 illos
705 870 855 947 vendam,
879 870 937 933 nisi
959 873 995 934 tu
1017 870 1122 952 pretio
1143 868 1265 932 viceris

170 987 267 1066 Quod
282 989 436 1069 Bergkius
452 989 605 1070 proponit
623 993 805 1071 praetcrea:
831 989 879 1053 Dc
900 1011 965 1054 meo
989 1011 1081 1074 equos
1103 992 1206 1053 sinam
1230 1008 1281 1072 epo
1304 986 1377 1051 illos
1401 1007 1466 1051 csse

169 1091 212 1154 ad
240 1092 387 1155 codicum
417 1091 516 1156 fidem
548 1093 681 1174 propius
704 1093 842 1169 accedit3
875 1092 1039 1174 quomodo
1069 1096 1178 1157 autem
1200 1091 1342 1155 numeris
1367 1090 1466 1154 satis·

173 1193 278 1271 faciat,
301 1194 360 1258 nisi
383 1194 467 1259 forte
488 1195 577 1258 meod
600 1195 756 1273 scribitur,
779 1215 846 1259 non
868 1195 972 1262 video,

345 1298 400 1361 19:
434 1297 478 1361 Ut
499 1298 588 1362 illum
611 1299 643 1363 di
664 1300 802 1380 perdant
813 1299 847 1383 Ι),
872 1299 926 1381 qui
948 1299 1087 1380 primam
1096 1296 1122 1383 ²)
1145 1298 1265 1361 holitor
1285 1296 1421 1378 protulit

430 1399 624 1486 Caepam³ll

170 1503 284 1567 Talem
305 1503 405 1567 verba
427 1503 509 1567 inter
530 1524 641 1568 versus
664 1505 874 1570 distribuendi
897 1505 1055 1570 rationem
1100 1504 1246 1586 quamvis
1268 1503 1465 1586 aliquotiens
1533 1580 1535 1584 .

169 1606 358 1682 inveniatur,
382 1606 565 1672 coniectura
586 1608 738 1672 inducere
760 1609 813 1672 vix
835 1611 946 1675 ausim.
991 1609 1124 1672 Videtur
1146 1607 1258 1672 fuisse:

339 1700 345 1724 l

325 1725 368 1789 Ut
390 1725 479 1791 illum
502 1728 534 1792 di
559 1758 579 1779 ν
606 1754 627 1788 „r
652 1731 706 1811 qui
728 1731 867 1812 primam
889 1729 1008 1795 holitor
1030 1749 1164 1811 caepam
1186 1727 1328 1809 protulit.

173 1849 248 1893 cum
277 1829 367 1893 hiatu
396 1829 429 1892 in
459 1830 601 1896 diaeresi.
657 1833 736 1897 Post
768 1835 802 1897 cli
822 1834 958 1897 verbum
985 1832 1184 1896 tritissimum
1207 1832 1350 1916 perdunt
1380 1851 1465 1913 quo-

171 1933 270 1997 modo
293 1933 455 2011 interierit,
479 1954 545 1998 non
562 1935 654 1999 facile
676 1936 877 2018 intellegitur.
919 1935 1064 2017 Cogitavi
1086 1936 1127 1999 de
1154 1935 1194 1999 Ut
1208 1935 1299 1999 illum
1316 1935 1467 2018 differam

174 2037 230 2120 (ε
252 2043 353 2107 κακῶς
384 2037 495 2122 λέγοιμ’
518 2031 570 2116 ἄν,
604 2040 805 2124 carpserim),
838 2040 926 2122 quod
948 2039 1087 2120 vestigiis
1116 2038 1186 2102 cod.
1218 2037 1312 2103 Bern.
1343 2057 1392 2118 pr.
1422 2059 1466 2102 m.

172 2140 220 2223 (cli
230 2139 282 2221 fer
294 2189 301 2203 .
312 2140 333 2223 .)
346 2140 550 2221 respondeat.
578 2142 677 2205 Birtio
689 2142 808 2222 placuit
814 2146 956 2226 primum
968 2141 1073 2205 deleto
1085 2141 1247 2205 senarium
1259 2142 1466 2206 const'tuere.

344 2261 401 2325 27:
437 2259 535 2345 Quil)
559 2263 712 2326 decumas
734 2267 864 2344 partes?
888 2267 1045 2345 quantum
1068 2262 1112 2326 mi
1135 2261 1228 2324 alieni
1250 2262 1309 2325 fuit

429 2363 590 2448 Polldxi5)
614 2365 671 2428 tibi
694 2368 759 2429 iam
780 2366 976 2447 publicando
999 2365 1094 2447 epulo
1117 2364 1262 2428 Herculis

430 2468 600 2534 Decumas.

172 2567 328 2633 Decumos
357 2588 443 2634 novo
472 2590 565 2635 versu
593 2572 765 2649 insertum,
795 2573 983 2653 praesertim
1014 2591 1087 2635 cum
1120 2571 1291 2635 antecedat
1320 2571 1468 2638 decumas

166 2680 285 2754 portes,
310 2693 425 2753 parum
448 2674 562 2755 placet.
598 2676 644 2738 Eo
667 2675 828 2739 lubentius
850 2695 969 2757 sequor
990 2676 1134 2752 binium,
1158 2675 1213 2755 qui
1236 2674 1342 2738 deleto
1365 2694 1466 2738 voca·

172 2774 249 2838 bulo
272 2780 437 2856 postremo
460 2777 555 2840 scribi
577 2778 681 2842 iussit:

328 2895 435 2972 Quid?
471 2898 622 2962 decumas
644 2902 762 2981 partes
787 2903 944 2980 quantum
966 2898 1011 2961 mi
1033 2897 1127 2961 alieni
1150 2898 1218 2975 fuit,

328 2999 453 3063 Polluxi
476 3000 534 3063 tibi
555 3003 619 3065 iam
642 3002 837 3083 publicando
861 3003 955 3084 epulo
977 3002 1131 3065 Herculis.

174 3101 237 3164 Ubi
259 3101 425 3183 intellegas
456 3104 523 3166 dec.
551 3109 634 3185 part.
659 3106 735 3182 cius,
765 3111 923 3187 quantum
945 3105 989 3168 mi
1020 3142 1056 3151 —
1086 3104 1180 3168 alieni
1208 3104 1382 3190 (ἀπροσδοκ.
1406 3125 1467 3187 pro

174 3205 309 3290 arpenti)
333 3205 402 3269 fuit.

347 3309 398 3372 36.
555 3311 631 3374 nolo
655 3331 714 3392 ego

432 3411 525 3476 Hanc
547 3415 629 3478 adeo
653 3414 794 3478 efflictim
816 3433 939 3478 amare:
963 3414 1017 3477 diu
1039 3413 1124 3477 vivat
1150 3412 1234 3489 volo,

432 3515 476 3580 Ut
497 3517 575 3581 mihi
598 3518 751 3600 prodesse
773 3517 884 3599 possit.

174 3617 420 3681 Animadvertas
442 3619 537 3683 velim
559 3620 652 3684 huius
676 3621 736 3684 loci
759 3620 1085 3701 circumscriptionem
1106 3619 1179 3683 idco
1202 3637 1269 3682 non
1292 3619 1469 3697 offendere,

177 3719 265 3801 quod
286 3724 362 3801 post
393 3723 465 3786 nolo
493 3743 546 3807 epo
576 3724 719 3805 sequitur
746 3743 811 3786 acc.
836 3743 862 3789 c.
886 3723 955 3799 inf„
988 3723 1076 3786 cuius
1103 3722 1284 3786 subiectum
1314 3722 1354 3785 sit
1375 3722 1469 3787 hanc.

93 3890 98 3900 ,
176 3823 260 3887 Nam
290 3824 316 3887 si
344 3825 539 3889 constructio
566 3826 739 3891 verborum
772 3830 856 3890 esset
889 3826 970 3903 talis
1004 3830 1041 3889 ut
1074 3847 1126 3910 epo
1160 3830 1243 3889 esset
1276 3824 1469 3904 subiectum,

175 3927 255 3991 banc
278 3928 440 3993 obiectum
463 3928 604 3993 eiusdem
627 3930 716 3993 verbi
739 3950 860 4009 amore,
891 3930 923 3991 ni
947 3929 1053 4006 fallor,
1077 3931 1175 4009 poeta
1198 3929 1250 3991 vix
1273 3928 1471 3992 distinxisset

180 4052 232 4115 epo
257 4030 261 4117 l
284 4032 389 4097 Hanc.

263 4253 284 4321 ¹)
311 4259 341 4309 di
357 4260 435 4324 fer..
454 4257 496 4310 vel
514 4259 556 4309 dii
573 4260 666 4324 ferant
683 4256 725 4309 vel
743 4259 873 4324 differant
892 4256 970 4308 codd.

263 4338 285 4405 ²)
309 4345 431 4410 primum
450 4343 527 4395 codd.

262 4424 285 4487 3)
313 4445 422 4496 caepam
437 4431 553 4497 protulit
571 4428 648 4481 codd.

265 4509 287 4575 ⁴)
315 4516 362 4580 qui
381 4513 460 4566 codd.
478 4514 612 4582 plerique;
632 4514 712 4581 pauci
730 4517 803 4582 quid.
821 4518 860 4567 mi
878 4531 923 4567 om
942 4515 1020 4568 codd.

265 4596 289 4662 ⁵)
312 4600 433 4665 polluxit
450 4600 527 4653 codd.
546 4616 595 4667 pro
615 4603 671 4653 tam
689 4600 791 4653 habent
809 4620 826 4654 a
844 4600 922 4654 codd.
