3286 5198
741 154 896 251 2³9-

173 355 359 434 statuimus,
400 357 618 438 septenarium
655 358 854 424 trochaicum
892 360 966 425 licet
999 362 1138 426 dimetiri
1170 363 1285 441 talem,
1320 370 1469 448 quamvis

173 476 325 522 numeros
348 478 415 522 non
438 478 507 523 esse
529 479 684 524 amoenos
708 464 900 529 concedam:

329 561 419 640 Quae
441 566 525 628 intra
547 583 650 628 annos
673 563 786 629 decem
808 567 946 649 nequisti
958 565 982 649 ¹)
1005 587 1105 632 unam
1128 572 1238 651 togam
1262 571 1424 638 detexere.

258 665 297 727 41
308 663 328 728 ¹:
373 665 424 729 Tu
447 666 524 731 lituis
546 667 664 748 inique,
688 668 743 748 qui
764 669 873 732 venire
895 669 1046 751 pauciens

376 769 467 834 Soles
490 770 522 832 in
545 770 669 833 urbem.

259 871 327 935 Hos
358 892 468 936 versus
489 872 728 938 Ribbeckianos
753 894 849 957 posse
878 879 963 940 stare
992 877 1084 941 facile
1114 883 1258 960 apparet.
1303 881 1371 946 Sed
1394 902 1469 948 cum

132 1057 135 1062 Ι
173 973 214 1037 sit
235 974 407 1039 traditum:
431 983 465 1040 tn
487 998 542 1042 auc
562 980 666 1063 iniqui
686 981 721 1041 in
743 978 851 1042 urbem
867 982 998 1063 paucies
1019 983 1125 1053 venire
1145 983 1234 1066 soles,
1254 983 1359 1065 primo
1374 987 1468 1068 quasi

173 1081 307 1159 aspectu
340 1079 443 1144 elucet
476 1101 604 1146 versum
638 1082 779 1164 aliquem
816 1082 962 1146 concludi
996 1103 1075 1148 voce
1107 1088 1221 1150 venire.
1279 1086 1467 1153 Scribamus

173 1180 268 1262 igitur
296 1201 395 1263 quarn
422 1184 569 1264 proxime
591 1205 611 1248 a
634 1185 796 1250 codicibus
826 1205 865 1248 ex
894 1189 987 1266 parte
1015 1185 1096 1250 duce
1119 1188 1189 1269 ipso
1218 1189 1398 1255 Ribbeckio
1424 1193 1468 1276 (in

173 1283 316 1367 adnot.)=

330 1418 351 1439 ν
369 1405 389 1438 2
408 1417 429 1440 ν
454 1394 489 1453 tu
511 1394 561 1454 sat
583 1391 690 1473 inique
712 1391 745 1454 in
768 1391 883 1454 urbem
904 1392 1034 1472 paucies
1058 1396 1165 1456 venire

328 1491 429 1556 Soles,

173 1594 315 1658 Verbum
359 1599 470 1659 autem
513 1595 545 1660 in
590 1597 720 1661 alterius
763 1617 874 1661 versus
914 1596 1003 1661 initio
1045 1617 1200 1680 persaepe
1235 1600 1340 1666 solum
1374 1604 1466 1684 sequi

172 1716 271 1779 supra
305 1698 387 1781 (cap.
423 1699 523 1776 virm
546 1729 589 1755 =
610 1720 684 1782 pag.
716 1701 758 1764 49
788 1700 872 1782 sqq.)
906 1704 957 1764 sat
987 1701 1095 1764 multis
1124 1702 1278 1784 exemplis
1311 1703 1468 1769 Plautinis

173 1801 463 1883 comprobavimus.

259 1906 318 1969 93:
347 1905 404 1968 Dic
425 1907 520 1983 istud,
545 1925 683 1988 quaeso:
707 1926 790 1988 quor
812 1911 845 1970 le
867 1907 1036 1970 avortisti?
1058 1907 1123 1971 mei
1145 1908 1277 1986 fastidis,

345 2007 436 2073 Meae
460 2009 612 2073 deliciae?

171 2111 260 2176 Haec
292 2111 461 2176 Ribbeckii
500 2113 582 2177 ratio
623 2133 734 2177 versus
772 2113 1005 2190 constituendi,
1047 2115 1194 2196 quamvis
1239 2115 1327 2196 prior
1372 2118 1468 2182 solita

172 2235 306 2281 caesura
334 2220 452 2293 careat,
482 2237 549 2281 non
579 2216 676 2280 debet
706 2217 878 2281 offendere.
929 2215 1018 2293 Quos
1049 2220 1158 2281 autem
1182 2217 1335 2299 Bergkius
1358 2221 1467 2285 annal.

173 2319 282 2401 philol.
304 2320 368 2384 vol.
396 2320 453 2385 101
478 2341 510 2402 p.
534 2321 598 2384 826
620 2320 727 2401 posuit
750 2319 911 2383 senarios:

326 2423 384 2486 Dic
405 2422 500 2501 istud,
525 2443 656 2505 quaeso,
680 2442 745 2505 quo
768 2426 800 2486 te
823 2422 990 2486 avertisti?
1013 2423 1077 2487 mei

326 2525 472 2603 Fastidis,
497 2546 589 2590 meae
611 2527 767 2591 deliciae?

171 2628 269 2692 falsos
292 2649 361 2692 esse
384 2634 534 2710 apparet:
558 2630 720 2694 obiectum
744 2631 839 2706 enim,
863 2630 889 2693 si
911 2631 944 2693 in
965 2627 1080 2710 prioris
1099 2648 1210 2693 versus
1228 2629 1315 2694 exitu
1332 2651 1467 2713 separa-

171 2735 241 2796 tum
265 2737 363 2811 extat,
387 2737 473 2797 certe
495 2721 603 2797 cretici
624 2733 715 2815 pedis
738 2734 878 2815 spatium
900 2733 1018 2796 debere
1041 2730 1200 2812 amplecti,
1224 2752 1321 2814 supra
1345 2735 1389 2817 [p.
1410 2737 1466 2820 45)

171 2836 399 2902 demonstravi.
463 2837 510 2899 Eo
550 2837 652 2917 magis
693 2837 792 2900 nriror
833 2837 908 2900 Luc.
952 2854 1082 2916 quoque
1120 2833 1273 2899 Muellero
1312 2856 1468 2904 numeros

171 2938 368 3020 Bergkianos
390 2939 558 3022 placuisse.
603 2939 760 3021 Equidem
783 2940 905 3003 scribo:

483 3041 533 3105 dic
556 3042 650 3117 istud,
675 3062 810 3123 quaeso:

328 3146 417 3223 Quor
439 3146 495 3209 ted
518 3145 683 3209 avortisti?
706 3144 769 3208 mei
791 3144 923 3220 fastidis,
948 3164 1039 3209 meae
1062 3145 1218 3209 deliciae?

169 3248 222 3311 Ad
253 3249 392 3312 sormam
422 3249 489 3325 ted,
530 3267 629 3330 quarn
661 3248 788 3324 induxi,
818 3245 1057 3312 defendendam
1090 3266 1209 3311 moneo
1244 3247 1341 3312 etiam
1375 3249 1465 3331 apud

171 3351 339 3414 Afranium
373 3372 402 3417 v.
426 3353 500 3416 405.
531 3372 551 3416 a
581 3351 758 3416 Ribbeckio
778 3352 858 3415 med
887 3371 954 3414 non
987 3350 1055 3414 sine
1088 3350 1325 3432 probabilitatis
1359 3353 1467 3432 specie

171 3455 353 3518 rest'tutum
377 3475 456 3519 esse.

257 3557 369 3622 Afrani
395 3561 468 3623 149:
600 3560 626 3623 si
648 3559 699 3622 ille
721 3558 801 3623 haec
823 3577 910 3622 nunc
932 3558 1038 3634 sentit,
1061 3557 1166 3621 lacere
1188 3557 1231 3621 illi
1253 3557 1331 3622 satis

491 3663 556 3740 Vis,
580 3667 701 3745 quanta
722 3662 805 3726 illius
827 3681 916 3725 mors
939 3660 979 3724 sit
1001 3659 1155 3723 maceries
1178 3661 1259 3724 tibi?

171 3762 223 3827 Sic
245 3783 356 3828 versus
380 3785 397 3828 e
420 3766 568 3830 codicum
596 3766 660 3830 fide
682 3766 878 3830 Ribbeckius
906 3764 1019 3840 edidit3
1055 3767 1087 3827 et
1116 3763 1184 3827 iure
1207 3763 1290 3828 lecit.
1335 3763 1469 3842 Quanta

171 3867 257 3930 enim
289 3887 362 3931 curn
392 3867 519 3934 licentia
548 3874 665 3951 poetae
694 3869 829 3933 verbum
859 3871 893 3932 in
920 3868 1009 3931 initio
1032 3885 1144 3930 versus
1175 3865 1316 3929 inserere
1344 3872 1466 3946 ament,

170 3970 234 4033 iam
264 3972 392 4053 saepius
420 3972 484 4036 dixi
511 3974 564 4058 (cf.
583 3973 738 4054 imprimis
762 3993 792 4052 p.
818 3972 882 4052 50).
933 3968 1166 4050 Repudiandus
1194 3971 1243 4031 est
1270 3968 1366 4050 igitur
1387 3969 1465 4036 Luc.

170 4072 349 4151 Muellerus,
373 4076 428 4157 qui
450 4096 562 4140 versus
584 4076 700 4140 misere
723 4074 933 4155 interpolatos
956 4074 1038 4137 tales
1062 4071 1206 4135 exhibet:

403 4178 435 4242 Si
459 4180 491 4242 in
513 4179 612 4243 haece
634 4198 720 4242 nunc
743 4177 910 4253 consentit,
933 4175 1107 4241 facereris
1130 4174 1230 4239 satis?

403 4282 532 4358 Quanta
553 4282 635 4345 illius
659 4301 747 4344 mors
771 4280 826 4343 liet
848 4279 1003 4344 maceries
1026 4278 1100 4342 tibi!

256 4385 333 4449 aba:
464 4386 510 4448 tui

357 4489 501 4565 Veretur,
525 4507 577 4550 me
600 4487 642 4550 ad
663 4491 696 4549 te
719 4485 804 4549 misit
827 4489 955 4550 oratum
978 4489 1079 4565 pater.
1105 4516 1108 4521 ·

200 4595 220 4599 -
237 4595 278 4690 ΠΙ)
298 4625 368 4680 Fort.
382 4627 512 4692 nequitia·
529 4623 691 4691 praeplacet.
