3286 5198
789 153 828 216 78

732 243 887 250 —-—

248 364 386 446 Adelph.
411 365 468 427 38:
600 361 663 425 vah
695 379 934 442 quemquamne
967 358 1133 422 hominem
1164 355 1198 418 in
1228 354 1339 419 animo
1368 356 1462 418 msti-

671 467 762 528 iuere
784 468 840 527 aut

506 569 626 634 Parare
647 567 736 649 quod
758 568 797 630 sit
819 567 923 630 carius
945 585 1043 648 quam
1064 565 1133 646 ipse
1156 565 1205 626 est
1227 560 1302 624 sibi!

251 706 441 771 Coniunctio
465 706 554 770 utin
576 725 687 769 versus
709 704 773 768 fine
797 707 885 768 extat
908 703 941 766 in
961 702 1011 767 his
1034 700 1200 782 exemplis:

385 879 423 944 A.
458 879 496 942 in
518 878 699 942 versibus
721 877 757 940 in
779 876 956 940 iambum
979 874 1236 938 exeuntibus.

251 999 352 1062 Andr.
365 999 442 1063 226:
467 998 533 1062 Sed
548 994 648 1084 My'sis
665 998 707 1061 ab
725 1016 763 1060 ea
775 996 944 1078 egreditur.
961 999 995 1059 at
1015 1015 1074 1077 ego
1085 995 1160 1058 hinc
1173 1013 1226 1058 me
1236 994 1280 1058 ad
1291 993 1410 1070 iorum,
1426 994 1463 1055 ut

462 1100 660 1165 Conveniam
682 1100 903 1181 Pamphilum,
933 1119 975 1163 ne
1006 1098 1047 1162 de
1074 1098 1135 1162 hae
1163 1117 1199 1162 re
1228 1100 1322 1179 pater
1348 1095 1461 1177 inpru-

563 1205 693 1268 dentem
716 1205 888 1284 opprimat.

350 1376 386 1440 B.
424 1377 463 1440 in
485 1377 672 1440 versibus
694 1377 733 1439 in
751 1373 989 1438 ‘trochaeum
1013 1374 1276 1437 exeuntibus.

253 1499 384 1563 Phorm.
408 1498 489 1563 827:
620 1498 677 1561 sed
700 1497 854 1560 ubinam
877 1496 992 1560 Getam
1016 1494 1158 1558 invenire
1180 1493 1313 1575 possim,
1336 1491 1409 1576 ut¹)

518 1601 654 1682 Regem,
673 1600 761 1682 quod
780 1604 908 1681 tempus
927 1598 1141 1664 conveniundi
1159 1598 1260 1679 patris
1277 1616 1331 1660 me
1346 1615 1460 1678 capere

633 1705 752 1770 iubeat.

253 1808 350 1871 Addo
372 1807 646 1889 praepositionem
668 1811 703 1871 in
724 1806 774 1871 his
795 1807 873 1871 locis
895 1826 1007 1870 versus
1028 1806 1128 1870 finem
1150 1805 1359 1869 efficientem:

254 1910 355 1976 Andr.
387 1908 502 1992 6292):
545 1885 654 1973 ldnest
694 1912 827 1973 verum?
879 1913 979 1973 irnmo
1012 1909 1046 1973 id
1079 1912 1128 1973 est
1160 1913 1261 1991 genus
1293 1908 1460 1973 hominum

634 2017 830 2094 pessumum,
853 2013 885 2076 in
895 2012 923 2096 3)
1444 2009 1450 2022 ’

540 2115 737 2198 Denegando
760 2117 860 2180 modo
883 2119 953 2197 quis
974 2117 1081 2198 pudor
1102 2117 1235 2199 paulum
1257 2117 1359 2182 adest.

257 2219 336 2284 Eun.
361 2219 441 2283 631:
474 2218 580 2282 Aliam
602 2238 670 2282 rem
695 2239 734 2283 ex
756 2219 819 2282 alia
842 2220 982 2301 cogitare
1005 2223 1036 2282 et
1060 2239 1099 2283 ea
1121 2220 1230 2284 omnia
1251 2219 1283 2282 in

480 2321 629 2385 Peiorem
650 2327 785 2403 partem.

372 2427 450 2489 859:
582 2425 634 2489 vix
656 2445 709 2490 me
732 2427 891 2501 contineo,
915 2426 994 2507 quin
1015 2426 1157 2490 involem
1178 2426 1250 2510 in4)

473 2530 647 2612 Capillum:
681 2533 876 2606 monstrum,
911 2529 1009 2593 etiam
1037 2529 1122 2593 ultro
1150 2530 1291 2594 derisum
1322 2530 1460 2596 advenit.

256 2633 360 2710 Haec,
391 2634 478 2715 quod
508 2635 624 2711 sciam,
655 2633 837 2697 huiusmodi
875 2632 1023 2713 exempla
1056 2633 1196 2696 offerunt
1230 2633 1376 2711 fabulae,
1408 2634 1463 2698 ubi

170 2736 327 2819 particula
345 2737 394 2800 vel
413 2737 608 2819 praepositio
627 2739 660 2801 in
677 2737 826 2801 omnibus
844 2736 1006 2800 codicibus
1025 2736 1170 2800 traditur.
1204 2738 1252 2801 Ex
1268 2737 1342 2801 viris
1361 2738 1464 2802 doctis

172 2859 210 2903 ea
232 2840 421 2921 plerumque
444 2841 591 2917 servavit,
614 2844 650 2905 ut
673 2840 870 2903 omniafere
893 2844 1016 2917 servat,
1039 2840 1314 2921 Umpienbachius
1336 2859 1374 2905 ac
1397 2861 1464 2905 non

171 2943 271 3006 semel
292 2942 469 3018 Bentleius3
492 2944 714 3007 Fleckeisenus
737 2946 850 3006 contra
872 2946 904 3005 et
926 2942 1086 3020 Dziatzk0‚
1109 2947 1145 3007 ut
1166 2947 1292 3007 taceam
1314 2944 1463 3026 reliqum,

172 3046 214 3109 ad
242 3064 343 3110 unurn
372 3047 480 3109 omnia
510 3047 716 3110 sustulerunt.
768 3046 822 3109 llle
852 3065 919 3109 non
949 3047 1048 3111 semel
1071 3047 1296 3111 coniunctione
1323 3048 1357 3110 in
1378 3048 1463 3112 inse·

172 3151 326 3228 quentem
348 3167 477 3212 versum
499 3151 694 3230 transposita
717 3152 822 3212 totum
846 3169 974 3214 versum
992 3150 1243 3228 transformavit,
1266 3152 1355 3232 quod
1378 3156 1464 3216 certe

172 3251 256 3315 iusto
279 3252 431 3316 audacius
452 3253 588 3329 videtur,
610 3253 662 3315 hic
683 3253 873 3334 plerumque
889 3252 1079 3317 satishabuit
1098 3252 1357 3317 coniunctionem
1370 3274 1467 3338 pror·¹

173 3374 227 3418 sus
255 3355 413 3419 omittere.
466 3356 506 3419 Et
542 3356 784 3420 concedendum
818 3360 866 3420 est
900 3356 1063 3419 interdurn
1091 3357 1330 3437 interpolatoris
1364 3377 1465 3439 opera

174 3479 230 3486 ——-
241 3480 431 3486 -...-,.---...

262 3542 283 3608 ¹)
310 3554 339 3598 ut
356 3544 481 3612 proximo
500 3561 524 3597 v.
544 3546 647 3598 addunt
664 3546 748 3599 AFP.

259 3628 283 3698 2)
310 3631 409 3684 Versus
426 3636 467 3684 est
484 3636 589 3684 tetram.
608 3637 684 3695 eret.;
704 3633 793 3686 soluta
812 3633 878 3687 arsis
892 3649 1023 3686 unacum
1043 3633 1141 3701 duplici
1163 3633 1234 3686 thesi
1251 3634 1295 3687 hic
1312 3634 1358 3686 vix
1376 3640 1466 3702 potest

174 3715 261 3783 magis
279 3717 415 3770 offendere
433 3733 516 3784 quam
534 3717 561 3770 in
579 3717 676 3770 iambis
695 3723 721 3771 et
739 3719 880 3784 trochaeis,
898 3706 945 3772 ¹ubi
963 3718 1070 3785 saepius
1088 3719 1141 3772 hoc
1158 3719 1309 3774 invenitur:

261 3803 359 3870 Amph.
377 3803 442 3855 lla:
462 3802 548 3868 Quem
568 3803 603 3855 ed
621 3805 732 3857 modum
751 3820 801 3872 ego
820 3821 881 3857 sum
905 3804 996 3871 (saepe
1014 3805 1042 3857 in
1060 3805 1198 3872 speculum
1222 3806 1339 3875 inspexi)
1362 3808 1467 3862 nimis

460 3888 603 3942 similist
622 3890 681 3943 mei.

261 3974 339 4028 Tmo.
358 3975 422 4028 363:
447 3975 532 4028 Velim
550 3975 573 4028 si
595 3976 652 4029 fieri
671 3976 764 4043 possit.
784 3979 815 4040 ssss
835 3975 923 4029 Cedo
942 3977 1055 4030 soleas
1073 3977 1146 4030 mihi.

176 4061 208 4112 ci.
233 4060 366 4114 Klotzium
394 4061 511 4127 (altrem.
542 4061 653 4127 Metuit),
683 4062 730 4129 qui
753 4067 858 4130 praeter
884 4062 935 4114 hos
959 4063 1024 4116 satis
1049 4064 1149 4117 multos
1174 4064 1241 4118 alios
1258 4065 1334 4119 locos
1361 4065 1468 4136 collegit

175 4162 202 4213 p.
222 4147 273 4199 349
291 4164 333 4213 sq.
352 4176 384 4185 —
404 4148 527 4201 Ceterum
545 4165 602 4201 non
620 4148 731 4216 possim,
756 4147 821 4215 quin
840 4148 868 4201 in
886 4149 1001 4202 transitu
1026 4150 1160 4218 obloquar
1184 4151 1333 4219 Spengelio,
1361 4153 1408 4221 qui
1432 4154 1467 4206 ad

176 4231 258 4286 Andr.
283 4233 341 4297 695,
367 4249 448 4301 quern
472 4251 580 4287 versum
603 4239 715 4302 apparet
739 4233 900 4301 dactylicum
924 4251 990 4299 esse,
1016 4236 1129 4288 adnotat
1152 4238 1246 4290 hocine
1269 4253 1376 4305 semper
1392 4238 1468 4293 brevi

176 4317 262 4385 prima
281 4319 384 4386 syllaba
402 4319 456 4383 uti;
476 4321 508 4373 ci.
527 4321 600 4374 Asin.
621 4322 678 4376 128.

264 4403 285 4465 3)
314 4409 344 4457 in
361 4404 513 4472 insequenti
531 4424 555 4459 v.
575 4407 667 4460 inserit
685 4406 714 4458 P.

262 4489 285 4556 ⁴)
314 4495 341 4542 r'n
360 4491 387 4543 in
405 4491 459 4544 iine
477 4493 572 4559 prioris
591 4493 653 4557 AP;
673 4493 766 4560 reliqui
784 4493 812 4545 in
831 4494 876 4551 alt.
895 4511 921 4547 v.
