3286 5198
820 76 859 139 14

33 315 161 368 quomodo
278 284 346 348 Nec
368 303 441 348 curn
457 283 508 346 his
530 282 654 364 legibus
672 283 823 359 metricis
848 301 929 363 quas
951 282 985 344 in
1005 279 1152 345 versibus
1168 276 1397 342 concludendis
1420 277 1486 340 sibi

23 368 174 474 fflffilffl
192 389 375 451 statuerunt
405 389 531 451 veteres
569 386 721 464 scaenici,
759 387 919 467 repugnat
950 385 1022 466 ipsa
1054 383 1182 463 linguae
1212 384 1337 446 natura.
1396 380 1486 458 Quid

22 471 169 566 afflant:
193 490 302 555 enirn?
325 490 353 554 si
370 490 468 553 etiarn
487 489 520 552 in
536 489 679 570 pedestri
697 489 843 553 oratione
859 491 984 552 veteres
1002 491 1033 550 et
1050 485 1177 566 linguae
1192 488 1309 548 natura
1325 483 1485 547 invitante

49 577 105 618 tura
119 585 149 618 ac

24 625 174 670 munna,
191 612 298 674 neque
321 593 452 656 auribus
483 592 711 673 respuentibus
741 611 840 673 saepe
871 590 1088 654 adhibuerunt
1115 587 1272 652 iambicus
1299 585 1483 651 clausulas?

35 678 162 784 ffifflss,
192 696 291 760 Cuius
318 695 364 759 rei
392 695 443 758 vel
473 695 556 758 inter
578 694 718 759 Graecos
748 695 944 758 clarissimus
974 694 1088 756 auctor
1117 693 1165 754 est
1190 689 1396 767 Aristoteles,
1427 689 1485 771 qui

191 799 288 863 Roth.
312 797 363 876 lll,
387 799 417 862 8.
449 798 490 862 de
519 797 653 880 rythmis
684 797 839 861 orationis
869 816 968 878 agens
996 795 1042 859 sic
1063 793 1233 875 praecipit:
1267 797 1300 859 τὸ
1324 797 1357 859 δὲ
1380 800 1485 880 σχῆμα

191 905 242 986 τῆς
276 903 384 974 λέξεως
418 905 466 965 δεῖ
496 903 569 986 μήτε
603 900 747 987 ἔμμετρον
781 902 855 966 εἶναι
888 902 961 984 μήτε
995 892 1146 983 ἄρρυθμον
1165 946 1171 959 .
1191 943 1199 957 .
1218 942 1252 958 ·.
1283 896 1349 960 ὁδ’
1378 897 1483 984 ἴαμβος

193 1007 267 1088 αὐτή
300 1007 374 1069 ἐστιν
401 1007 421 1088 ἡ
452 1005 525 1076 λέξις
555 1008 574 1089 ἡ
604 1007 662 1069 τῶν
699 1008 834 1069 πολλῶν·
871 1007 914 1068 al
952 1005 1077 1088 μάλιστα
1111 1001 1227 1065 πάντων
1267 1003 1328 1064 τῶν
1369 1002 1483 1086 μέτρων

193 1111 310 1192 ἰαμβεῖα
338 1107 513 1192 φθέγγονται
543 1109 688 1190 λέγοντος.
743 1127 850 1189 neque
882 1107 975 1172 aliter
1002 1105 1093 1170 Poet.
1123 1105 1154 1168 4.
1185 1104 1219 1168 in
1247 1102 1327 1180 fine,
1357 1103 1413 1167 ubi
1442 1102 1483 1166 dc

180 1211 312 1291 dialogi
346 1210 453 1273 forma
490 1210 658 1292 aptissima
689 1212 790 1275 verba
829 1211 920 1277 facit:
955 1210 1061 1282 λέξεως
1099 1211 1132 1274 δὲ
1170 1209 1329 1292 γενομένης
1364 1209 1436 1293 αὐτὴ
1463 1210 1483 1290 ἡ

193 1317 276 1399 φύσις
299 1317 332 1377 τὸ
357 1317 463 1379 οἰκεῖον
493 1314 599 1398 μέτρον
623 1303 705 1398 εὗρε,
742 1317 865 1399 μάλιστα
894 1317 950 1400 γὰρ
973 1316 1105 1378 λεκτικὸν
1134 1314 1192 1376 τῶν
1215 1312 1329 1395 μέτρων
1357 1314 1390 1375 τὸ
1420 1315 1484 1395 ἰαμ-

194 1419 273 1505 βεῖόν
291 1419 380 1481 ἐστιν·
402 1423 523 1502 σημεῖον
542 1420 575 1482 δὲ
593 1417 709 1497 τούτου,
727 1423 851 1482 πλεῖστα
869 1420 925 1502 γὰρ
949 1420 1067 1504 ἰαμβεῖα
1086 1417 1210 1500 λέγομεν
1230 1417 1260 1478 ἐν
1280 1419 1317 1499 τῇ
1336 1415 1483 1498 διαλέκτῳ

192 1522 229 1605 τῇ
252 1523 324 1602 πρὸς
348 1522 505 1604 ἀλλήλους.
550 1520 740 1584 Adsentitur
757 1520 869 1584 Cicero
888 1519 977 1584 Orat.
996 1520 1071 1583 188:
1098 1519 1298 1602 Perspicuum
1321 1525 1365 1582 est
1387 1520 1486 1602 ipitur

193 1626 333 1688 numeris
356 1625 517 1687 astrictum
546 1625 719 1688 orationem
747 1644 809 1688 esse
831 1623 954 1703 debere,
985 1644 1091 1687 curere
1111 1622 1269 1687 cnutus.
1286 1671 1314 1685 ..
1338 1621 1381 1685 ib.
1407 1622 1484 1685 189:

193 1726 337 1790 Incidere
359 1729 459 1791 curuis
483 1727 539 1810 (sc.
563 1725 676 1808 pedes)
698 1728 733 1790 iu
757 1729 931 1790 oratioueru
954 1730 1046 1790 etium
1076 1747 1114 1789 eu
1135 1725 1191 1790 lroc
1219 1725 1355 1808 iutellepi
1371 1732 1484 1808 potest,

193 1829 277 1914 quod
299 1851 405 1895 uersus
434 1851 525 1914 sucpc
552 1832 587 1893 iu
610 1832 752 1894 oratioue
768 1851 831 1914 per
852 1829 1098 1914 imprudentium
1120 1829 1262 1893 dicimus.
1297 1828 1381 1913 quod
1402 1829 1486 1892 ucles

193 1941 310 1997 menter
332 1941 376 1997 cst
397 1936 551 2013 uitiosum,
575 1933 629 1997 sed
646 1953 709 1996 uou
727 1932 915 1997 attendimus
937 1953 1034 2016 neque
1050 1931 1235 1996 exaudimus
1256 1935 1488 2018 nosmetipsos.

193 2038 336 2100 scuuuos
357 2057 429 2100 uero
453 2044 481 2099 et
502 2036 738 2120 Hipponacteos
760 2037 894 2120 cffupcrc
914 2038 969 2099 uix
985 2056 1154 2119 possumus
1165 2034 1189 2118 l)
1193 2058 1207 2116 ;
1234 2057 1382 2120 mupuuuc
1404 2038 1486 2099 cuim

188 2146 314 2222 purtem
338 2161 376 2202 erc
397 2140 509 2204 innubis
531 2147 641 2205 nostru
664 2147 784 2204 coustut
806 2141 918 2202 orutio.
941 2139 984 2202 ib.
1006 2139 1069 2203 215
1097 2138 1173 2202 dicit
1203 2140 1336 2203 creticos
1360 2159 1394 2202 se
1417 2159 1485 2202 non

193 2241 291 2322 plane
322 2242 451 2320 reicere,
486 2243 566 2307 alios
595 2248 707 2307 tamen
736 2245 954 2323 anteponere3
988 2243 1030 2305 ib.
1060 2242 1123 2306 818
1153 2242 1339 2306 dochmium
1371 2243 1485 2324 quovis

194 2343 266 2407 loco
290 2348 403 2426 aptum
427 2366 508 2424 esse,
532 2347 610 2411 dum
633 2345 733 2410 semel
756 2346 836 2429 (non
857 2345 909 2408 bis
932 2344 1097 2427 continue)
1119 2350 1269 2426 ponatur.
1294 2383 1334 2391 -

282 2463 369 2529 Inter
390 2466 477 2530 viros
508 2468 621 2531 doctos
643 2467 746 2531 nostri
776 2466 847 2530 aevi
877 2464 1038 2529 clausulas
1062 2464 1288 2530 Ciceronianas
1318 2465 1486 2547 diligenter

193 2571 413 2648 perscrutatus
437 2574 486 2633 est
502 2570 658 2651 Georgius
674 2569 840 2634 Wuestius
864 2568 924 2652 (De
947 2567 1090 2632 clausula
1107 2568 1267 2633 rhetorica
1286 2589 1370 2650 quae
1388 2589 1484 2650 prae-

195 2671 280 2750 cepit
302 2671 413 2735 Gicero
437 2677 597 2754 quatenus
620 2673 653 2737 in
676 2672 877 2736 orationibus
900 2676 1028 2735 secutus
1051 2672 1102 2749 sit,
1127 2672 1202 2736 diss.
1224 2673 1357 2753 Argent.
1378 2674 1484 2757 1881).

194 2773 322 2838 Novam
344 2794 421 2839 vero
445 2777 531 2840 viam
554 2777 719 2857 ingeniose
747 2775 951 2855 investigavit
972 2777 1157 2856 nuperrime
1181 2775 1355 2840 Guilelmus
1378 2777 1486 2858 Meyer

195 2876 294 2960 (Gott.
319 2877 386 2943 Gel.
409 2880 488 2942 Ana.
515 2879 607 2954 1893,
634 2878 691 2961 1.),
725 2879 780 2960 qui
813 2878 972 2941 clausulas
1001 2878 1088 2959 apud
1116 2879 1284 2964 inferiores
1312 2880 1485 2961 scriptores

193 2980 329 3045 usitatas
359 2981 532 3064 plerasque
561 2983 684 3046 creticis
715 2982 854 3063 pedibus
884 2981 1049 3045 dimetitur
1076 2982 1224 3046 admissis
1253 2986 1365 3047 tamen
1388 2983 1486 3046 etiarn

194 3083 341 3147 iambicis
365 3087 397 3147 et
419 3085 601 3149 trochaicis
645 3084 748 3148 Nobis
771 3086 813 3149 ad
836 3087 984 3148 nostram
1006 3087 1229 3167 quaestionem
1253 3088 1359 3168 aptius
1381 3088 1486 3151 visum

195 3189 245 3249 est
277 3188 410 3251 creticas
441 3208 512 3253 cum
545 3189 691 3253 iambicis
723 3188 873 3252 clausulis
901 3189 1177 3271 comprehendere
1205 3190 1329 3273 hasque
1358 3192 1485 3275 (ascen-

195 3288 321 3373 dentes)
345 3310 498 3372 separare
517 3313 537 3356 a
554 3291 668 3356 ceteris
686 3292 847 3355 omnibus
891 3293 1056 3373 Exempla,
1076 3313 1160 3375 quae
1180 3295 1313 3371 subicio,
1332 3315 1486 3375 magnam

194 3396 322 3473 partem
351 3394 456 3459 debeo
487 3395 662 3460 Theodoro
693 3394 812 3472 Birtio,
843 3395 898 3477 qui
928 3415 1002 3459 curn
1031 3396 1108 3460 alibi
1136 3399 1207 3461 tum
1236 3398 1268 3460 in
1298 3397 1359 3460 hac
1393 3402 1486 3479 parte

195 3496 395 3577 quaestionis
417 3518 512 3562 meae
533 3499 672 3579 benigne
694 3518 747 3562 me
770 3499 901 3563 adiuvit.

282 3615 454 3682 Clausulae
477 3616 670 3701 iamhieae2)
694 3620 727 3683 in
750 3619 814 3684 Cic.
839 3620 932 3701 epist.
955 3620 979 3697 l,
1004 3621 1031 3683 1.
1056 3625 1226 3684 occurrunt
1249 3621 1326 3685 hae:

609 3740 746 3795 satisfacio
765 3741 900 3795 omnibus

609 3850 667 3888 esse
685 3835 811 3889 acerbam
829 3841 931 3903 putem.

609 3929 632 3982 si
650 3930 778 3997 quisunt
796 3931 843 3998 qui
860 3929 951 3987 velint.

610 4024 644 4076 ad
663 4023 822 4092 Pompeium
841 4025 936 4078 deterri
953 4025 1057 4078 volunt.

285 4190 307 4259 ¹)
335 4193 370 4248 Ut
393 4192 468 4247 Catil.
494 4195 519 4260 1,
539 4195 567 4248 8:
594 4204 703 4249 senatus
730 4198 794 4250 haec
820 4200 957 4264 iutellcpit‚
985 4201 1076 4252 consul
1102 4201 1181 4254 uidet.
1224 4199 1261 4253 cf.
1286 4184 1487 4255 Volkmannum

197 4279 233 4343 td.
251 4279 382 4332 Rhetorik
406 4280 430 4331 d.
450 4279 552 4333 Griech.
572 4297 598 4333 u.
617 4280 720 4348 Promfl)
754 4299 779 4349 p.
797 4283 846 4335 5⁶21
873 4300 932 4351 sqq.
957 4289 984 4337 et
1012 4284 1126 4362 Birtium
1153 4287 1224 4352 apud
1249 4286 1407 4355 Natorpium
1439 4288 1487 4341 Die

197 4364 294 4418 Ethilra
319 4365 365 4417 des
384 4363 557 4418 Demolritos
575 4365 664 4433 (1893)
683 4383 708 4433 p.
730 4368 779 4420 188
797 4385 836 4436 sq.
873 4369 1079 4448 Animadvertas
1098 4387 1161 4424 vero
1185 4370 1265 4424 velim
1289 4389 1388 4437 unum,
1413 4374 1487 4442 quod

197 4466 260 4503 vero
279 4451 385 4504 senario
404 4456 445 4504 est
460 4451 608 4519 proprium,
627 4453 731 4506 deesse:
746 4469 894 4512 caesuram.

284 4535 305 4597 ²)
335 4536 444 4592 Creticis
462 4554 567 4606 semper
585 4538 776 4593 adnumeratis.
