3286 5198
739 167 893 263 —or—

170 375 282 457 quaies
299 394 411 438 versus
429 373 613 438 Phaedrum
630 374 683 437 vix
700 374 895 455 scripturum
910 373 1009 436 fuisse
1027 373 1143 437 iudico.
1155 409 1197 418 —
1219 372 1351 450 Quanto
1370 374 1469 455 igitur

169 477 231 542 hac
252 479 285 541 in
307 497 342 541 re
361 477 468 540 differt
486 476 529 540 ab
548 476 767 559 antiquiorum
782 480 862 553 arte,
885 495 967 558 quos
978 475 1029 539 vei
1046 476 1151 558 prima
1166 475 1250 539 thesi
1265 475 1468 557 insequentis

170 600 280 645 versus
298 580 495 644 sententiam
508 580 681 662 superioris
696 580 824 661 saepius
841 579 1033 643 concludere
1049 598 1147 661 supra
1163 579 1311 644 vidimus.
1338 578 1467 642 Pendet

169 684 220 747 hic
251 703 329 747 usus
357 683 425 747 sine
453 682 551 746 dubio
582 702 622 746 ex
651 682 789 746 Phaedri
818 683 925 764 poesis
953 686 1086 756 natura,
1117 682 1238 764 quippe
1264 701 1349 764 quae
1376 684 1468 746 amet

169 806 331 850 summam
353 785 589 866 simplicitatem
612 791 644 848 et
666 785 927 867 perspicuitatem
949 785 1112 849 orationis.

170 1079 205 1157 t.
242 1076 423 1178 Quomodo
451 1077 592 1158 Seneca
617 1079 778 1277 traqidous
805 1079 1005 1278 {artoptas
1031 1078 1194 1179 sinqutas
1221 1080 1313 1159 inter
1333 1098 1467 1159 versus

727 1200 803 1279 istri
831 1202 905 1278 ueri

256 1338 366 1419 Longe
397 1338 476 1401 alias
503 1337 589 1419 leges
619 1342 716 1418 atque
746 1335 912 1401 Phaedrus
944 1338 978 1401 in
1012 1338 1178 1402 sententiis
1204 1338 1288 1402 inter
1322 1337 1468 1418 singulos

169 1460 282 1504 versus
304 1441 531 1504 distribuendis
554 1441 678 1505 Seneca
690 1438 714 1524 ¹)
737 1440 877 1521 tragicus
899 1440 959 1504 sibi
981 1441 1102 1505 statuit.
1136 1440 1220 1504 Nam
1242 1445 1279 1505 ut
1300 1441 1352 1504 ille
1375 1444 1467 1504 amat

169 1563 236 1607 una
258 1563 332 1607 curn
354 1548 458 1608 metro
481 1545 675 1608 sententiam
696 1544 798 1620 finire,
821 1544 866 1607 ita
887 1542 961 1607 huic
983 1543 1089 1625 placet
1108 1544 1282 1608 sententias
1298 1563 1372 1608 curn
1391 1564 1466 1608 ver-

170 1646 258 1710 sibus
280 1647 378 1711 modo
402 1666 594 1728 congruere,
624 1648 723 1711 modo
746 1650 879 1712 certare.
923 1648 1031 1729 Atque
1052 1652 1090 1712 ut
1111 1647 1193 1711 iliius
1223 1647 1467 1711 consuetudinis

171 1769 285 1814 causas
308 1770 348 1813 ex
371 1750 508 1814 Phaedri
530 1750 636 1831 poesis
658 1755 775 1814 natura
797 1750 990 1832 repetendas
1012 1770 1081 1814 esse
1103 1751 1182 1828 dixi,
1212 1752 1258 1815 ita
1279 1751 1468 1814 huiusmodi

169 1854 380 1917 variationem
402 1852 543 1935 postulat
567 1852 660 1916 dolor
680 1854 829 1934 tragicus.
863 1853 928 1917 Sed
949 1855 1014 1917 iam
1035 1854 1201 1918 videamus
1222 1853 1347 1935 singula
1366 1873 1467 1917 cone·

171 1975 318 2038 murque‚
341 1957 368 2019 si
390 1975 471 2037 quas
493 1960 597 2019 certas
619 1957 705 2037 leges
727 1957 889 2038 possimus
910 1958 1110 2038 investigare.

257 2061 305 2122 Ac
327 2060 467 2140 primum
498 2059 628 2140 quidem
662 2079 757 2123 sensu
790 2063 860 2123 arte
894 2060 1099 2124 cohaerentia
1132 2080 1191 2141 per
1222 2080 1334 2124 versus
1364 2061 1467 2125 finem

171 2163 320 2226 dirimere
343 2163 468 2226 Seneca
490 2181 557 2225 non
581 2163 746 2228 dubitarit.
791 2162 875 2227 Rern
898 2163 1111 2246 comprobent
1132 2164 1214 2228 haee
1235 2163 1401 2246 exempla:

258 2266 394 2329 Phaedr.
419 2266 497 2329 358:
630 2285 773 2347 quonam
795 2267 827 2329 in
849 2266 921 2330 loco
945 2271 993 2330 est

524 2369 672 2450 Regina?

404 2473 504 2536 1008:
635 2472 741 2536 nullus
763 2473 896 2553 inspirat
918 2474 986 2536 salo

525 2577 656 2639 Ventus.

427 2679 502 2742 178:
634 2679 691 2741 sed
714 2678 804 2741 furor
825 2680 910 2760 cogit
932 2681 1022 2761 sequi

523 2781 648 2845 Peiora.

420 2887 500 2949 387:
524 2886 712 2963 Remorete,
737 2886 876 2950 famulae
898 2907 1042 2968 purpura
1064 2890 1161 2969 atque
1184 2907 1264 2952 auro
1286 2888 1394 2953 inlitas

524 2991 645 3054 Vestes

420 3093 500 3155 ido:
632 3093 720 3156 dedit

523 3195 667 3276 Tempus
688 3196 860 3278 locumque
882 3217 984 3262 casus,
1157 3276 1160 3281 Ι

421 3298 503 3360 idi:
634 3298 721 3361 haud
744 3303 793 3363 est
814 3299 905 3364 facile
928 3302 1118 3366 mandatum
1139 3303 1243 3366 scelus

527 3400 664 3466 Audere.

422 3504 501 3567 693:
633 3525 777 3569 summus
799 3507 862 3571 hoc
885 3527 982 3571 omen
1004 3508 1083 3571 deus

523 3607 667 3671 Avertat.

260 3709 377 3773 Troad.
403 3711 479 3773 925:
610 3712 662 3774 vix
684 3712 831 3776 lacrimas
854 3734 938 3795 queo

504 3813 663 3880 Retinere.
710 3816 771 3899 (Cf.
795 3817 878 3880 Med.
902 3819 988 3901 548.)

259 3915 340 3978 Med.
367 3918 445 3980 763:
469 3918 508 3980 Et
531 3919 646 3995 Hister,
672 3921 705 3983 in
727 3925 776 3984 tot
799 3941 856 3984 ora
879 3920 1006 3996 divisus,
1029 3925 1137 3986 truces

467 4018 664 4101 compressit
685 4023 797 4087 undas,

261 4121 352 4184 Horo.
377 4121 435 4186 sur.
461 4122 540 4185 400:
671 4144 775 4205 pauca
796 4144 855 4205 pro
880 4142 974 4188 causa
998 4127 1114 4210 loquar

568 4225 694 4292 Nostra,

461 4326 540 4390 7⁰28:
671 4329 787 4392 oblitos
810 4331 858 4394 sui

570 4431 703 4495 Sceleris
725 4438 877 4498 nocentes
901 4435 1025 4500 debitas
1046 4456 1169 4518 poenas
1192 4439 1279 4504 dare.

264 4617 281 4679 1)
313 4616 381 4669 tisun
400 4634 459 4670 nun
479 4617 540 4671 «ulit.
561 4618 599 4671 Pr.
621 4618 724 4672 leonis.
