3286 5198
752 155 907 252 —Q

182 355 298 420 fabulis
319 356 475 422 Plautinis
497 359 618 424 contuli
641 397 681 408 -
704 360 765 424 nisi
787 361 875 442 quod
898 362 1022 427 cantica
1044 363 1198 429 feretum
1216 365 1326 444 modo,
1348 367 1404 430 ubi
1427 368 1475 430 di-

182 459 311 540 scriptio
335 463 405 524 erat
428 462 615 542 certissima,
638 464 764 545 respexi
786 503 826 512 —
851 469 925 529 sunt
947 465 1042 531 haec:

509 617 548 684 A.
584 618 624 682 in
646 619 839 684 versibus
861 619 1146 703 longioribus:

674 776 703 820 a.
738 761 832 839 sept.
856 759 982 825 troch.

267 872 354 939 Asin.
379 874 459 938 345:
494 875 572 939 Dico
588 895 641 940 me
660 877 787 941 novisse
801 878 964 960 extemplo
976 882 1009 943 et
1026 899 1079 943 me
1096 879 1164 944 eius
1180 900 1307 945 servom
1322 882 1473 964 praedico

493 962 571 1042 l'lsse
594 982 626 1043 et
648 980 736 1044 aedis
759 980 979 1046 demonstravi
1000 985 1137 1050 nostras,
1187 1023 1190 1026 -

268 1076 360 1160 Capt.
385 1080 465 1145 884:
623 1083 698 1165 quia
721 1084 807 1148 enim
829 1084 906 1148 item
929 1104 1063 1167 asperae

304 1231 308 1238 .
483 1183 576 1261 Sdnt,
599 1188 635 1248 ut
656 1188 747 1249 tuom
770 1186 891 1249 victum
913 1187 1106 1252 autumabas
1129 1206 1207 1252 esse.

268 1283 340 1352 Cas.
363 1285 442 1349 547:
599 1288 654 1351 ubi
677 1288 809 1370 nuptiae

472 1390 613 1467 Fuerint,
636 1395 707 1455 turn
729 1392 824 1456 istam
847 1392 1036 1458 convenibo.

267 1491 361 1559 Mero.
389 1494 489 1559 1007:
646 1494 760 1558 eadem
782 1495 910 1559 brevior
933 1495 1043 1559 fabula

503 1581 579 1664 Erit.
603 1617 724 1664 eamus,

669 1771 700 1836 b.
736 1775 837 1852 sept.
863 1771 981 1834 iamb.

265 1886 327 1954 Mil.
351 1888 430 1970 glor.
454 1888 533 1955 927:
689 1892 722 1954 ni
744 1890 906 1955 ludificata
928 1892 1034 1974 lepide

566 1993 639 2071 Em,
663 1995 792 2076 crilpam
815 2015 947 2059 onmem
969 1995 1001 2058 in
1023 2015 1077 2058 me
1098 1994 1254 2076 inponito.

264 2093 358 2160 Most.
384 2097 462 2161 159:
493 2097 633 2161 Eventus
655 2098 753 2162 rebus
775 2098 939 2175 omnibus,
970 2098 1057 2161 velut
1085 2098 1190 2163 horno
1218 2099 1330 2163 messis
1353 2119 1472 2182 magna

490 2200 571 2266 Fuit.
591 2199 625 2268 iss
642 2199 726 2277 Quid
749 2221 788 2265 ea
809 2201 922 2265 messis
944 2201 1059 2265 attinet
1076 2200 1118 2265 ad
1135 2221 1243 2265 meam
1264 2200 1469 2271 lavationem.

566 2373 601 2438 B.
637 2373 674 2435 in
697 2372 864 2436 senariis
887 2372 1081 2437 iambicis,

262 2490 334 2558 Aul.
359 2493 439 2557 667:
474 2493 551 2557 Fide
574 2492 746 2556 censebam
768 2511 955 2555 maxumam
977 2492 1080 2555 multo
1103 2491 1201 2555 fidem

468 2596 562 2661 Esse:
587 2599 625 2659 ea
647 2595 785 2659 sublevit
807 2614 844 2659 os
866 2594 945 2659 mihi
967 2595 1180 2677 paenissurne.

264 2697 356 2780 Capt.
380 2699 436 2764 85:
467 2698 604 2762 Prolatis
626 2697 722 2761 rebus
743 2696 875 2779 parasiti
897 2697 1034 2761 venatici
1045 2696 1069 2782 ¹)

468 2801 602 2866 Sumus:
625 2799 755 2883 quando
778 2819 829 2864 res
851 2798 1024 2877 redierunt,
1048 2820 1159 2864 sumus
1167 2799 1194 2886 ²)
1217 2802 1386 2869 molossici.

360 2905 438 2968 119:
469 2903 590 2968 Omnes
611 2902 758 2986 profecto
780 2903 872 2967 liberi
893 2902 1055 2968 lubentius

467 3008 586 3073 Sumus
608 3011 708 3088 quarn
730 3007 895 3072 servimus.

262 3111 356 3177 Truc.
381 3111 439 3176 28:
471 3109 558 3188 Quot
579 3110 641 3174 illic
662 3109 848 3187 blanditiae,
872 3114 952 3192 quot
973 3109 1035 3174 illic
1056 3110 1240 3174 iracundiae

468 3213 560 3291 Sunt,
584 3211 698 3297 quot3)

261 3316 377 3382 Pseud.
401 3317 482 3381 541:
640 3315 711 3397 quis
733 3336 785 3379 me
808 3317 962 3380 audacior

509 3420 565 3505 Sit,
587 3420 614 3483 si
635 3422 716 3484 istuc
739 3418 862 3484 facinus
885 3419 1047 3484 audeam?

669 3590 704 3657 G.
739 3592 776 3655 in
798 3591 971 3658 canticis.

260 3713 353 3781 Most.
379 3714 458 3778 799:
615 3713 641 3776 si
663 3712 747 3776 male
771 3715 899 3793 emptae

476 3816 604 3894 Forent,
627 3816 721 3880 nobis
742 3819 820 3879 istas
842 3815 1011 3879 redhibere
1032 3815 1113 3880 haut
1134 3815 1252 3879 liceret.

260 3920 376 3985 Pseud.
399 3921 481 3984 247:
638 3920 692 4001 qui
713 3920 771 3982 tibi
793 3918 953 4000 sospitalis

234 4014 237 4019 ’
420 4055 423 4063 ·
497 4025 578 4090 Fuit.
602 4023 637 4090 :iss
659 4023 818 4087 Mortuost
841 4022 894 4103 qui
917 4021 992 4085 fuit:
1015 4021 1069 4103 qui
1091 4021 1132 4084 sit
1154 4023 1255 4085 usust.

262 4196 283 4265 ¹)
310 4198 341 4253 ln
359 4199 414 4253 dne
432 4198 568 4267 glossema
585 4214 664 4250 conec
681 4195 784 4263 legitur.

258 4282 280 4350 2)
299 4284 373 4339 Libri
390 4285 498 4338 sumtis:
522 4286 629 4352 quando
654 4299 697 4335 rec
714 4282 860 4348 redieruut,
880 4281 1013 4335 rnoldccici
1036 4279 1202 4345 duriuscule;
1232 4281 1346 4334 alterurn
1372 4297 1465 4334 sumus

171 4369 281 4524 Βιιιὶιιιξ)
298 4455 414 4525 Reliqua
440 4461 531 4523 aperte
571 4458 697 4521 corrupta
723 4458 788 4507 sunt
814 4453 899 4520 (extat
925 4451 1010 4506 enim:
1042 4456 1088 4506 sui
1107 4451 1317 4522 perclamonda)
1347 4451 1465 4505 necdum

172 4543 328 4598 coniectura
351 4547 425 4597 carta
448 4543 584 4606 restituta;
611 4541 728 4608 priorem
752 4544 844 4592 autern
866 4554 959 4592 versus
985 4544 1090 4606 partem
1113 4537 1229 4604 vindico,
1256 4554 1319 4592 cum
1344 4536 1464 4591 veritatis

172 4628 290 4698 speciem
307 4646 372 4697 prae
391 4645 420 4682 se
438 4629 513 4685 ferat.
