3286 5198
753 163 907 258 „L

184 371 367 436 coniunctio
399 370 554 452 disyllaba
582 369 615 433 in
644 369 709 432 fine
739 389 849 432 versus
877 372 962 433 stare
989 371 1106 449 potest,
1135 369 1171 430 ut
1198 367 1274 450 quio
1297 366 1377 430 Eun.
1406 365 1475 431 121.

183 474 322 557 Adelph.
346 475 408 539 523
433 474 556 558 (versus
579 476 627 536 est
649 472 701 536 ille
723 473 876 549 senarius,
899 471 951 536 hic
973 471 1157 534 octonarius
1185 470 1350 546 iambicus,
1379 489 1476 551 quenl

183 578 329 660 sequitur
362 577 498 640 dimeter
530 575 709 659 iambicus),
742 578 791 639 uti
818 575 934 639 Heaut.
966 575 1038 639 304.
1072 575 1150 638 Hec.
1176 576 1216 638 78
1246 573 1370 657 (versus
1403 577 1477 637 sunt

184 680 314 764 senarii)
338 683 371 744 et
392 679 471 744 Hec.
485 680 546 744 387
571 681 694 763 (versus
717 682 765 743 est
787 682 868 760 sept.
888 677 1015 761 troch.),
1028 678 1085 742 sed
1103 679 1201 742 etiam
1218 677 1477 742 coniunctionem

184 783 443 866 monosyllabum
475 783 510 847 in
543 782 608 845 fine
642 800 752 845 versus
786 801 908 862 ponere
940 783 1039 862 poeta
1067 800 1135 844 non
1165 781 1332 844 dubitavit.
1383 780 1477 843 Extat

131 931 132 934 ,
185 887 272 951 enim
296 886 478 951 coniunctio
502 885 584 950 etin
607 886 672 949 fine
694 904 804 948 versus
827 883 875 948 his
897 884 990 948 locis:

407 1023 445 1088 A.
480 1024 517 1088 in
545 1023 725 1087 versibus
753 1023 791 1085 in
820 1022 990 1087 iambum
1018 1022 1263 1086 exeuntibus.

273 1144 374 1208 Andr.
398 1145 457 1208 51:
481 1142 566 1208 Nam
589 1145 614 1206 is
636 1147 811 1224 postquam
834 1142 970 1206 excessit
992 1162 1032 1206 ex
1054 1141 1196 1224 ephebis
1219 1142 1322 1220 Sosia,
1346 1146 1378 1206 et

483 1247 626 1311 Liberius
640 1247 663 1330 ¹)
686 1247 813 1310 vivendi
836 1246 895 1309 fuit
917 1248 1060 1327 potestas
1084 1246 1173 1329 (narn
1196 1249 1345 1312 antea...

376 1352 456 1415 560:
587 1369 682 1430 spero
707 1350 937 1413 consuetudine
960 1352 992 1412 et

486 1453 642 1534 Coniugio
665 1453 787 1516 liberali
810 1453 1004 1530 devinctum,
1028 1451 1191 1528 Chremes,

484 1556 565 1620 Dein
588 1555 680 1619 facile
703 1576 742 1619 ex
765 1555 824 1619 illis
846 1575 916 1619 sese
940 1575 1140 1619 emersurum
1163 1555 1263 1620 maiis.

275 1661 355 1726 Eun.
379 1661 462 1724 926:
499 1659 584 1723 Nam
606 1663 642 1721 ut
664 1662 800 1734 mittam,
826 1659 912 1740 quod
935 1659 963 1722 ei
986 1678 1131 1722 amorem
1154 1659 1376 1725 difficillimum
1399 1665 1430 1724 et

500 1761 717 1839 Carissimum,
741 1782 761 1825 a
783 1763 949 1826 meretrice
971 1782 1069 1826 avara
1091 1762 1247 1844 virginem

499 1865 605 1942 Quam
628 1865 768 1939 amabat,
793 1885 865 1928 eam
888 1865 1011 1930 conieci
1034 1867 1102 1929 sine
1125 1866 1282 1932 molestia.

208 2031 212 2041 ,
276 1970 392 2034 Heaut.
416 1970 496 2032 521:
627 1968 740 2032 mulier
763 1970 936 2032 commoda
958 1973 989 2033 et

522 2072 640 2136 Faceta
661 2071 742 2134 haec
764 2072 923 2135 meretrix.

277 2175 409 2239 Phorm.
433 2176 490 2239 57:
623 2175 726 2238 nescis
749 2194 813 2256 quo
836 2177 868 2238 in
891 2180 980 2239 metu
1004 2180 1035 2239 et

415 2333 416 2336 ,
513 2278 642 2355 Quanto
665 2282 698 2342 in
720 2278 839 2359 periclo
863 2279 972 2342 simus,

389 2434 425 2496 B.
459 2433 496 2496 in
523 2433 700 2496 versibus
724 2435 761 2496 in
788 2432 1019 2497 trochaeum
1049 2434 1292 2498 exeuntibus.

278 2557 358 2620 Eun.
383 2554 462 2617 217:
594 2572 711 2617 censen
734 2573 829 2634 posse
852 2573 904 2615 me
927 2553 1089 2617 offirmare
1113 2558 1144 2617 et

493 2656 631 2736 Perpeti,
655 2675 697 2718 ne
719 2657 851 2719 redeam
873 2657 1018 2720 interea?
1056 2672 1059 2678 ·

380 2761 461 2824 260:
491 2758 546 2822 Ille
579 2758 634 2821 ubi
673 2759 769 2822 miser
808 2758 972 2822 famelicus
1010 2760 1096 2824 videt
1134 2760 1212 2824 mihi
1254 2781 1323 2825 esse
1356 2765 1483 2827 tantum

590 2862 749 2925 honorem
773 2866 804 2925 et
815 2861 841 2941 2)

494 2966 577 3029 Tam
599 2965 690 3029 facile
712 2964 831 3029 victum
855 2985 1018 3047 quaerere.

280 3070 470 3137 Coniunctio
494 3076 550 3132 out
575 3069 607 3131 in
630 3069 694 3131 fine
716 3089 826 3132 versus
855 3073 943 3133 extat
968 3071 1002 3133 in
1028 3071 1078 3135 his
1106 3071 1269 3153 exemplis.

278 3175 380 3238 Andr.
405 3173 485 3237 256:
509 3147 673 3253 obstipui:
704 3192 821 3236 censen
851 3192 903 3236 me
926 3175 1062 3238 verbum
1087 3176 1230 3256 potuisse
1252 3176 1353 3240 ullum
1375 3176 1485 3257 prolo-

527 3355 533 3378 μ
609 3275 663 3357 qui
686 3275 779 3358 autss)

512 3379 619 3443 Ullam
658 3398 804 3455 causam,
847 3381 990 3462 ineptam
1023 3383 1138 3446 saltem
1172 3383 1285 3447 falsam
1319 3383 1486 3464 iniquam?

610 3483 765 3547 obmutui.

281 3588 397 3651 Heaut.
421 3587 502 3651 595:
526 3586 610 3663 Quid
632 3590 691 3649 tu?
726 3587 839 3668 ecquid
874 3586 914 3649 de
947 3587 1001 3650 illo
1036 3588 1124 3668 quod
1158 3588 1281 3653 dudum
1307 3593 1415 3653 tecum
1438 3592 1487 3671 egi

610 3690 708 3772 egisti,
733 3689 821 3771 Syre,
846 3695 901 3753 aut

524 3794 717 3875 Repperisti‚
740 3793 799 3856 tibi
822 3794 910 3875 quod
932 3793 1057 3876 placeat
1079 3815 1121 3858 an
1144 3798 1234 3858 non?

282 3881 373 3948 Eum.
398 3880 475 3951 349:
608 3881 715 3944 nostin
738 3898 821 3960 quae
843 3879 903 3943 sit?
933 3879 983 3944 dic
1005 3881 1091 3958 mihi,
1116 3880 1207 3965 aut4)

611 3984 769 4047 Vidistin?

285 4120 306 4189 ¹)
323 4122 423 4176 Versus
440 4121 463 4175 si
480 4137 537 4173 non
556 4117 674 4188 ἄμετρος,
693 4129 764 4176 certe
781 4122 950 4176 duriusculos
961 4128 1009 4191 est,
1027 4123 1084 4176 sive
1098 4123 1226 4177 dimetiris
1241 4125 1380 4178 Liberius.
1391 4164 1411 4177 ..
1427 4140 1490 4176 cunr

195 4206 413 4276 Umpfenbachio
431 4207 501 4261 sive:
526 4210 654 4262 Liberius
671 4212 779 4262 vivendi
794 4190 851 4276 fuid
873 4211 990 4277 qrdtestas
1009 4210 1091 4275 (num
1116 4211 1261 4275 dntea...)
1288 4210 1338 4263 Per
1362 4226 1405 4264 me
1428 4210 1490 4264 licet

193 4293 350 4365 proscribas
373 4309 435 4346 cum
454 4292 481 4352 G.
500 4293 527 4347 F.
547 4295 717 4349 Hermanno:
744 4298 825 4350 Sosia
835 4336 910 4349 .....
924 4305 1053 4365 porcetum
1082 4295 1205 4363 exempla
1236 4296 1289 4349 alia
1311 4295 1376 4350 satis
1403 4297 1490 4351 multa

195 4383 352 4449 suppetunt.

285 4464 308 4535 ²)
326 4475 351 4522 et
368 4467 397 4521 in
414 4467 493 4521 initio
511 4467 616 4535 insequ.
634 4483 660 4519 v.
679 4467 762 4520 habet
780 4468 812 4520 A.

199 4582 202 4587 ’
285 4551 310 4622 ³)
328 4561 377 4607 out
393 4544 426 4606 in'
441 4553 550 4606 alterius
567 4570 593 4606 v.
611 4553 688 4606 initio
707 4553 790 4606 habet
808 4552 837 4605 P.

283 4636 308 4708 ⁴)
334 4647 382 4693 aut
399 4629 504 4707 insequ.
521 4656 548 4692 v.
568 4639 642 4693 addit
660 4639 692 4691 A.
