3286 5198
739 185 893 282 ἐξ.

256 394 444 478 praeplacet
466 392 651 459 Buecheleri
675 395 706 455 et
729 389 828 455 facilis
851 392 882 454 et
905 388 1033 471 elegans
1056 389 1254 453 emendatio:

331 503 503 582 postquam
527 493 750 581 defessus[est]

223 598 455 684 Perrdgitando
478 600 620 666 advenas
642 599 682 662 de
704 597 809 679 gnatis
831 615 936 678 neque
958 612 1144 678 quenquam
1165 595 1286 659 invenit
1304 592 1423 661 scium.
1438 647 1466 661 ..

256 720 346 787 Acci
368 721 427 787 45:
557 718 602 783 sic

428 821 528 899 Multi,
552 822 677 886 animus
701 839 838 903 quorum
862 820 962 883 atroci
983 819 1109 883 vinctus
1133 818 1294 897 malitiast,

429 926 616 1008 Composita
638 926 723 989 dicta
745 945 763 989 e
785 927 916 1006 pectore
939 922 1092 987 evolvunt
1114 940 1183 998 suo,

169 1060 258 1129 llaoc
274 1062 494 1129 Ribbeckiana
510 1083 660 1127 versuum
678 1062 839 1143 discriptio
856 1080 987 1143 prorsus
1004 1080 1071 1124 non
1088 1059 1221 1124 ferenda
1239 1064 1297 1124 est.
1332 1061 1467 1125 Vossius

169 1162 246 1231 illud
269 1166 313 1231 sic
330 1165 448 1230 delevit
470 1186 607 1248 eumque
624 1165 724 1229 secuti
739 1170 814 1228 sunt
837 1184 911 1229 cum
932 1163 985 1228 alii
1008 1167 1078 1227 tum
1094 1163 1169 1227 Luc.
1188 1162 1369 1229 Muellerus,
1399 1164 1468 1228 Sed

171 1264 306 1333 sortasse
325 1266 403 1333 illud
421 1272 466 1334 cic
481 1288 548 1333 non
566 1273 634 1334 tarn
646 1268 876 1350 interpolatum
895 1287 993 1349 quam
1013 1269 1201 1347 corruptum
1213 1269 1271 1330 est.
1306 1266 1467 1348 Equidem

169 1367 315 1451 auspicor
343 1368 391 1434 illi.
413 1373 457 1436 cic
485 1373 577 1436 multi
607 1372 739 1435 subesse
762 1372 858 1434 sicine
885 1371 977 1434 multi
998 1369 1196 1450 restituoque
1218 1369 1336 1434 collato
1358 1369 1466 1434 Plaut.

170 1468 246 1536 (tut
270 1490 299 1537 ν.
323 1472 396 1538 415.
420 1494 529 1538 versus
551 1475 584 1539 in
606 1475 693 1538 hunc
715 1474 864 1538 modum:

497 1595 594 1659 sicine

389 1697 490 1775 Multi,
512 1699 638 1763 animus
660 1717 799 1780 quorum
821 1697 923 1762 atroci
945 1697 1070 1761 vinctus
1092 1694 1253 1773 malitiosi,

390 1800 578 1883 Composita
600 1801 685 1865 dicta
707 1820 725 1864 e
747 1803 878 1881 pectore
901 1799 1054 1863 evolvonl
1075 1817 1143 1882 suo,

389 1903 480 1981 Quae
504 1906 576 1968 cum
600 1923 778 1985 componas
800 1902 885 1966 dicta
907 1902 1008 1982 factis,
1032 1903 1237 1983 discrepant?

255 2019 329 2085 aab.
364 2021 510 2088 Oeneum
532 2023 645 2106 aliquis
668 2026 751 2087 cette
774 2023 807 2086 in
829 2027 1048 2104 conspectum,
1072 2026 1128 2088 aut
1145 2042 1216 2100 nos,
1240 2023 1384 2110 ubi[ubi]
1406 2029 1465 2102 est,

451 2127 556 2191 ducite

364 2204 417 2293 rid
440 2249 523 2293 eum.

171 2338 224 2407 stc
266 2345 365 2412 edidit
404 2349 599 2413 Ribbeckius
642 2349 789 2431 proxime
829 2369 849 2413 a
891 2348 1063 2414 codicibus.
1133 2349 1241 2431 Atque
1282 2350 1468 2416 huiusmodi

174 2461 326 2514 versuum
360 2451 522 2534 discriptio
556 2472 598 2517 ne
630 2453 718 2535 apud
748 2451 898 2517 Plautum
928 2452 1059 2534 quidem
1091 2452 1188 2517 debet
1217 2453 1381 2518 offendere
1412 2456 1466 2540 (cf.

170 2564 254 2631 «tuac
290 2555 423 2636 exposui
455 2575 528 2638 pag.
561 2556 625 2639 74).
683 2556 792 2620 Possis
832 2555 983 2619 nimirum
1019 2556 1117 2620 etiam
1158 2554 1234 2620 Luc.
1276 2556 1468 2623 Muellerum

170 2653 270 2733 affectui,
294 2658 348 2738 qui
371 2659 484 2723 eadem
506 2660 606 2724 verba
627 2661 660 2722 in
683 2679 783 2723 unum
808 2663 914 2723 octon.
939 2659 1040 2723 troch.
1064 2659 1178 2741 coegit.

258 2773 305 2840 De
327 2796 378 2842 vv.
401 2780 464 2844 437
488 2784 520 2844 et
541 2781 606 2844 lae
628 2780 700 2844 vide
724 2800 807 2862 quae
829 2780 912 2844 inira
933 2779 1096 2861 proferam
1120 2780 1163 2864 (p.
1187 2779 1334 2865 insequ.).

261 2896 340 2962 542:
471 2901 522 2964 cui
544 2904 707 2982 postestas
731 2898 788 2986 [si]
812 2901 914 2977 detur,
938 2904 994 2964 tua

355 3001 529 3084 Cupienier
550 3001 642 3067 malis
665 3003 813 3067 membra
835 3003 997 3085 discerpat
1019 3002 1094 3067 suis.

171 3110 225 3179 Slc
256 3117 467 3197 Ribbeckius;
509 3122 567 3186 sed
604 3123 739 3187 dubium
777 3143 842 3187 non
881 3127 946 3200 est,
986 3124 1064 3206 quin
1093 3130 1148 3188 tac
1191 3142 1258 3187 non
1291 3125 1333 3188 ad
1367 3127 1467 3191 verba

170 3224 338 3303 sequentia
369 3225 574 3291 referendum
607 3225 658 3289 sit.¹
690 3225 881 3308 Receperim
915 3226 1033 3307 potius,
1068 3227 1156 3308 quod
1187 3227 1262 3291 Luc.
1294 3226 1466 3294 Muellerus

170 3316 259 3387 dedit
282 3326 315 3391 in
337 3328 561 3393 adnotatione:

499 3433 549 3496 cui
571 3436 717 3514 potestas
739 3433 765 3496 si
788 3434 882 3497 detur
903 3434 979 3511 tuei,
1003 3432 1176 3515 Cupienter
1199 3481 1206 3495 .
1232 3484 1239 3496 .
1265 3485 1271 3497 .

258 3532 428 3600 Santrae
452 3537 483 3600 3:
618 3555 657 3598 ex
679 3536 800 3618 templo
824 3536 964 3621 exeita1)
988 3536 1095 3601 evadit
1116 3537 1170 3617 pia
1179 3534 1206 3621 2)

486 3638 638 3703 Genetrix
661 3644 692 3703 et
715 3640 819 3704 omnis
842 3640 929 3704 vocis
953 3640 1097 3722 expergit
1119 3658 1212 3704 sono.

171 3762 241 3833 Hac
274 3775 448 3857 scriptura,
489 3797 588 3860 quam
621 3777 815 3842 Ribbeckius
856 3779 923 3859 ipse
962 3779 1148 3844 dubitanter
1180 3779 1323 3860 profert,
1364 3781 1467 3863 magis

170 3867 278 3949 placet
299 3877 441 3944 Muelleri
464 3881 656 3958 emendatio,
681 3882 735 3962 qui
758 3881 870 3945 edidit:

519 3987 521 3991 ’
613 4003 652 4047 ex
674 3984 797 4066 templo
820 3985 924 4049 excita
947 3985 1053 4048 evadit
1076 3986 1149 4067 quie

482 4086 633 4151 Genetrix
657 4090 689 4150 et
711 4087 815 4151 omnis
838 4088 925 4152 vocis
948 4089 1091 4170 expergit
1113 4108 1205 4152 sono.

171 4192 330 4269 Nimirum
352 4226 393 4270 ne
415 4208 496 4271 haec
518 4226 647 4289 quoque
671 4207 854 4270 coniectura
880 4207 1000 4289 aliquid
1022 4208 1121 4272 habet
1144 4209 1237 4286 certi,
1267 4229 1341 4273 cum
1363 4211 1467 4290 possis

172 4299 314 4372 statuere
337 4311 520 4374 octonarios
542 4309 696 4373 iambicos
719 4309 830 4373 fuisse:
1554 4303 1556 4307 ’

262 4561 283 4632 ¹)
312 4571 382 4621 accit
400 4567 479 4620 codd.

260 4646 282 4712 ²)
310 4669 365 4721 qua
383 4653 461 4706 codd.
