3286 5198
733 147 887 248 ἐξ

248 345 342 411 Most.
365 348 446 414 419:
481 349 546 414 Sed
569 352 645 432 quid
667 356 704 416 tu
726 353 878 435 egredere
900 357 945 420 sic
967 377 1025 438 per
1046 358 1198 425 ianuam?
1233 362 1374 444 Optume

481 451 664 535 Praeceptis
686 457 828 537 paruisti.

162 569 308 635 Priorem
340 592 470 638 versum
502 575 611 656 posui,
651 576 781 657 qualem
814 580 951 643 restituit
984 581 1165 664 Ussingius3
1198 604 1276 649 nam
1309 589 1455 669 quamvis

163 674 203 738 de
226 676 339 740 ceteris
360 677 493 741 vocibus
514 678 616 760 possit
639 679 787 758 dubitari,
810 685 921 747 tamen
942 683 986 747 illi
1003 687 1133 750 iamiam
1156 686 1302 753 codicum
1324 691 1456 757 subesse

160 781 292 843 ianuam
310 778 388 843 milri
406 779 472 845 fere
489 801 678 863 persuasum
697 788 754 850 est.
789 784 884 862 Quod
900 787 927 850 si
945 787 1125 866 statuimus
1145 790 1186 854 ab
1201 799 1323 875 optume
1333 814 1455 859 novum

160 882 355 947 sententiam
378 903 447 948 esse
470 885 661 950 ordiendam
683 886 774 951 sacile
796 888 998 971 intellegitur.

248 1001 356 1088 Cisal)
378 1005 453 1068 135:
487 1005 550 1068 Ubi
572 1005 650 1069 milri
671 1011 815 1087 potestas
837 1009 978 1090 primum
1001 1013 1116 1091 evenit,
1139 1014 1210 1079 ilico

484 1106 557 1172 Feci
581 1109 648 1173 eius
670 1110 708 1186 ei,
732 1111 820 1192 quod
842 1132 895 1176 me
917 1113 1030 1192 oravit,
1053 1115 1189 1196 copiam.

376 1211 452 1275 137:
486 1211 664 1292 Postquam
686 1213 826 1294 puellam
849 1234 920 1278 eam
944 1235 964 1280 a
986 1237 1039 1281 me
1061 1220 1193 1300 accepit,
1216 1220 1288 1286 ilico

485 1314 631 1378 Eandem
652 1315 793 1396 puellam
816 1318 950 1398 peperit,
973 1339 1071 1401 quam
1093 1342 1113 1385 a
1135 1342 1187 1386 me
1211 1330 1388 1407 acceperat.

370 1418 448 1483 394:
483 1418 550 1499 Ego
572 1421 605 1482 u
627 1419 747 1482 reduco
765 1403 803 1482 *et
824 1440 942 1485 revoco
965 1423 1006 1486 ad
1029 1423 1163 1503 divitias,
1187 1426 1242 1491 ubi

483 1522 534 1586 Tu
557 1521 726 1586 conlocare
748 1523 781 1585 in
803 1522 1000 1589 luculentam
1022 1526 1185 1593 familiam.

370 1626 448 1689 415:
536 1625 634 1689 sicine

484 1729 561 1810 Agis
583 1729 707 1810 nugast

245 1848 345 1916 Poen.
368 1849 449 1914 468:
484 1849 549 1914 Sed
572 1853 692 1930 quaeso
715 1850 770 1913 ubi
792 1870 869 1915 nam
891 1851 953 1915 illic
974 1853 1090 1917 restitit
1111 1854 1212 1934 miles,
1235 1859 1334 1923 modo

482 1951 563 2029 Quei
574 1953 659 2016 hanc
670 1953 748 2016 mihi
759 1953 901 2032 donavit,
913 1974 1010 2036 quem
1022 1975 1081 2037 ego
1094 1959 1206 2022 vocavi
1217 1961 1259 2024 ad
1269 1963 1451 2042 prandium.

244 2054 331 2123 Pers.
358 2057 434 2120 108:
591 2055 649 2120 sed
671 2057 786 2138 ecquid
808 2059 989 2136 meministi,
1012 2058 1089 2122 here

461 2158 533 2236 Qua
556 2159 653 2223 dere
677 2179 736 2240 ego
759 2165 867 2224 tecum
889 2163 1088 2227 mentionem
1111 2163 1273 2233 feceraml

159 2279 215 2343 ubi
236 2284 311 2345 ante
332 2281 404 2344 here
425 2279 541 2356 hiatur,
565 2280 615 2342 cui
637 2281 683 2344 rei
705 2279 841 2344 fortasse
863 2285 949 2344 recte
965 2281 1135 2348 Muellerus
1157 2288 1312 2352 succurrit
1327 2290 1362 2354 id
1376 2295 1452 2372 post

160 2383 268 2468 ecquid
288 2384 441 2447 inserens.

158 2486 270 2550 Adicio
293 2507 311 2551 e
333 2486 436 2568 lyricis
458 2486 603 2550 versibus
626 2506 726 2549 unum
749 2487 866 2563 locum,
891 2487 944 2568 qui
967 2492 1054 2552 extat
1077 2489 1191 2557 Pseud.
1216 2493 1293 2557 215:

242 2565 1451 2677 mmmmmmmmmmmmmmmm

243 2669 353 2775 iisque
376 2694 418 2757 ad
440 2693 630 2775 languorem
654 2731 693 2738 -
717 2697 818 2769 tenes,

243 2799 315 2877 Quo
338 2818 373 2862 se
395 2797 476 2862 haec
498 2797 634 2861 tendant
656 2800 740 2879 quae
762 2797 888 2878 loquor.

155 2919 210 2984 ubi
231 2939 383 2984 versuum
405 2919 645 3000 discriptionem
668 2938 737 2982 esse
759 2918 957 2981 verissimam
980 2937 1047 2982 non
1069 2918 1174 2982 solum
1197 2922 1344 2988 codicum
1365 2924 1395 2988 A
1418 2929 1449 2989 et

154 3023 180 3086 B
205 3017 396 3100 consensus,
425 3023 483 3086 sed
513 3023 610 3086 etiarn
637 3022 697 3104 ipsi
724 3022 801 3085 boni
831 3039 942 3084 versus
971 3021 1004 3084 in
1033 3022 1146 3087 eadem
1174 3044 1291 3089 scaena
1321 3028 1449 3108 saepius

155 3129 359 3191 occurrentes
389 3127 611 3207 comprobant.
657 3125 762 3188 Etiam
789 3125 893 3188 exitus
920 3124 983 3188 hoc
1012 3126 1111 3190 modo
1141 3126 1235 3191 fictus
1257 3128 1300 3191 ibi
1322 3132 1449 3212 saepius
1560 3125 1562 3131 ’

154 3231 315 3294 invenitur
339 3230 377 3295 cf.
402 3232 464 3295 ,0209
489 3233 520 3293 et
544 3231 617 3293 ddi.

240 3506 330 3570 Haec
359 3504 506 3586 exempla
533 3504 603 3568 XLl
634 3504 720 3589 (XXI
743 3524 760 3567 e
783 3504 927 3567 versibus
949 3504 1161 3584 longioribus,
1193 3504 1253 3567 XX
1276 3525 1294 3568 e
1316 3508 1448 3572 senariis

153 3609 302 3693 repetita)
325 3609 403 3673 mihi
418 3609 487 3672 visa
505 3612 578 3672 sunt
602 3606 834 3683 memorabilia,
859 3607 914 3669 ubi
936 3606 1124 3670 adverbium
1147 3607 1189 3670 ad
1215 3609 1350 3672 verbum
1372 3629 1446 3690 per-

153 3715 258 3778 tinens
288 3733 346 3777 suo
376 3732 471 3775 versu
499 3712 673 3788 antecedit,
702 3711 747 3775 ita
774 3713 810 3773 ut
836 3711 959 3791 reliqua
988 3709 1147 3773 sententia
1168 3709 1202 3773 in
1228 3710 1330 3774 altero
1353 3731 1448 3776 versu

153 3820 314 3898 sequatur.
354 3816 403 3880 Ac
424 3817 565 3897 primum
587 3815 718 3897 quidem
740 3816 893 3896 quattuor
915 3812 968 3884 illa
991 3812 1139 3892 exempla
1161 3832 1286 3894 separo,
1309 3814 1365 3879 ubi
1387 3815 1446 3878 ad-

152 3919 299 3984 verbium
317 3920 415 4001 paulo
436 3919 592 3982 maiorem
608 3918 749 3999 spatium
770 3916 907 3991 obtinet3
930 3915 1080 3997 intellego
1100 3935 1147 3992 ea,
1167 3916 1223 3979 ubi
1239 3920 1304 3981 est:
1326 3920 1447 3982 interea

153 4024 228 4103 loci,
258 4045 343 4087 uuuc
372 4044 464 4108 quom
486 4043 645 4102 mouume,
669 4019 886 4104 primumdum
916 4021 1067 4099 omnium,
1100 4021 1194 4082 etiam
1216 4021 1313 4103 prius
1317 4044 1331 4103 ;
1363 4040 1446 4102 quae

153 4126 286 4190 omnino
309 4126 387 4189 nihil
408 4125 530 4190 habent
552 4125 633 4189 miri.

238 4247 449 4328 Reliquorum
472 4266 549 4310 usus
572 4244 674 4327 qualis
696 4245 737 4308 sit
759 4248 794 4307 ut
816 4244 930 4308 melius
957 4241 1183 4324 perspiciatur,
1212 4242 1333 4306 subicio
1361 4242 1447 4307 hanc

151 4351 305 4415 tabellam
316 4371 323 4412 :

152 4509 410 4517 ———-

240 4609 263 4679 ¹)
291 4612 349 4664 Sec.
367 4611 531 4678 Ussingium.
