3286 5198
747 159 900 255 ‚2³9-

179 354 235 417 ubi
257 359 367 421 tacens
394 357 427 421 in
450 378 645 443 unaquaque
668 363 892 428 coniunctione
913 365 1018 446 primo
1041 365 1114 430 loco
1137 367 1285 449 exempla
1307 370 1340 432 in
1362 372 1469 451 septe·

178 458 275 521 nariis
297 460 467 525 trochaicis
490 465 707 542 occurrentia,
737 471 807 529 tum
831 487 849 530 e
871 468 1004 532 senariis
1026 469 1160 534 collecta
1182 471 1325 535 afferam.

263 578 350 642 Trin.
375 581 455 645 696:
489 581 602 664 Neque
634 585 709 648 volo
743 605 849 668 neque
881 589 1011 668 postulo
1045 607 1151 671 neque
1186 609 1317 655 censeo:
1358 612 1470 656 verum

589 690 699 751 tamen

486 762 516 853 ls
533 793 582 854 est
596 789 701 856 honos
717 792 839 857 homini
855 794 982 874 pudice,
1006 795 1188 859 meminisse
1206 795 1348 861 officium
1365 817 1469 862 suom.

263 906 362 971 Stich.
386 909 465 973 559:
499 910 615 975 Hercle
638 913 692 994 qui
715 933 855 996 aequom
876 913 1063 996 postulabat
1084 915 1136 978 ille
1159 935 1273 993 senex,
1301 917 1431 997 quando
1444 916 1469 1000 1)

636 1015 669 1078 id

498 1034 844 1183 Filiaeqilllagndederat
867 1121 987 1198 dotem,
1011 1120 1156 1203 accipere
1178 1141 1238 1202 pro
1261 1122 1401 1186 tibichra.

263 1233 358 1297 Truc.
382 1237 462 1299 867:
594 1239 651 1302 sed
673 1242 783 1303 tamen

489 1339 637 1422 Cogitato
660 1362 732 1406 mus
754 1343 887 1423 pusillus
910 1363 1007 1425 quarn
1030 1345 1070 1408 sit
1092 1348 1220 1427 sapiens
1241 1346 1355 1411 bestia.

263 1457 335 1522 Cas.
359 1461 439 1524 348:
474 1460 557 1525 Nam
581 1466 694 1526 omnes
716 1464 869 1527 mortales
892 1464 959 1527 deis
982 1469 1057 1527 sunt
1079 1464 1167 1527 freti:
1196 1464 1254 1528 sed
1276 1467 1386 1529 tamen

474 1564 545 1628 Vidi
568 1570 627 1647 ego
651 1565 718 1629 deis
740 1565 839 1629 fretos
861 1585 958 1647 saepe
980 1567 1100 1631 multos
1122 1568 1234 1648 decipi.

362 1683 440 1747 299:
474 1657 522 1748 l'bi
545 1704 604 1766 ego
627 1689 659 1748 te
682 1689 714 1748 et
736 1687 963 1767 suffragatores
985 1691 1059 1750 tuos
1081 1687 1224 1750 ulciscar.
1253 1690 1284 1754 ii
1313 1688 1469 1753 Attamen

474 1787 550 1851 Mihi
573 1788 718 1869 optinget
740 1809 819 1852 sors.

261 1888 324 1955 Mil.
348 1890 427 1970 glor.
452 1892 532 1955 784:
664 1893 759 1973 aequi
781 1893 863 1956 istuc
885 1892 977 1970 facio,
1002 1892 1180 1956 dummodo

558 1995 638 2058 Eam
661 1995 718 2059 des
741 2014 823 2076 quae
847 1996 887 2058 sit
910 2001 1121 2076 quaestuosa,
1153 2014 1236 2076 quae
1258 1996 1324 2060 alat
1351 2015 1468 2076 corpus

640 2117 786 2179 corpore.

260 2197 346 2260 Rud.
374 2199 469 2261 1061:
602 2220 662 2281 ego
687 2201 802 2282 opinor
824 2221 893 2265 rem
916 2202 1051 2266 facesso.
1075 2203 1106 2266 ir
1131 2201 1318 2282 Siquidem

485 2302 535 2366 Sis
556 2304 701 2384 pudicus,
724 2305 799 2368 hinc
822 2305 970 2370 facessas

260 2398 323 2468 Mil.
346 2405 425 2486 glor.
450 2406 508 2469 ⁶28:
666 2408 721 2488 pol
744 2409 771 2471 si
792 2407 922 2489 quidem
930 2406 956 2491 ²)

522 2508 657 2573 Conisus
681 2530 776 2588 esses,
800 2530 858 2591 per
881 2510 1004 2575 corium
1025 2531 1084 2592 per
1106 2511 1228 2574 viscera

433 2673 436 2679 .
520 2613 645 2694 Perque
668 2617 704 2677 ds
728 2615 889 2695 elephanti
911 2614 1138 2678 transmineret
1159 2613 1356 2677 bracchium.

259 2716 374 2780 Pseud.
399 2718 477 2781 507:
506 2716 680 2797 Nunquam
699 2718 814 2799 edepol
830 2718 1006 2799 quoiquam
1023 2717 1222 2798 supplicabo
1241 2716 1318 2779 durn
1336 2716 1468 2797 quidem

505 2819 556 2883 Tu
580 2818 699 2904 [vivos]
725 2821 820 2884 vives

402 2923 478 2987 529:
507 2924 553 2987 Ea
576 2925 814 2988 circumducam
836 2924 941 3005 lepide
958 2924 1125 2987 lenonem:
1150 2926 1182 2986 et
1204 2922 1334 3004 quidem

505 3028 663 3090 Effectum
681 3027 743 3091 hoc
761 3027 858 3090 hodie
876 3027 1011 3091 reddam
1030 3031 1203 3107 utrumque
1225 3025 1268 3089 ad
1284 3044 1466 3108 vesperum.

258 3129 349 3210 Epid.
378 3130 454 3193 104:
489 3130 572 3194 Rern
602 3130 660 3192 tibi
689 3151 760 3194 sum
791 3131 937 3194 elocutus
960 3149 1108 3207 omnem,
1133 3128 1340 3206 Chaeribulo,
1369 3130 1466 3209 atque

587 3233 763 3297 admodum
888 3263 890 3267 ·

482 3335 627 3400 Medrum
658 3357 843 3401 maerorum
873 3341 971 3419 atque
1001 3356 1149 3401 amorurn
1182 3355 1344 3398 summam
1379 3335 1465 3398 edic-

587 3439 652 3503 tavi
675 3440 742 3504 tibi.

370 3542 450 3605 551:
608 3542 692 3620 Quid
714 3543 799 3606 iarn?
822 3542 856 3609 iss
879 3543 962 3619 Quia
972 3541 999 3626 3)

482 3645 572 3709 Tuae
594 3646 770 3709 memoriae
793 3645 997 3727 interpretari
1019 3665 1071 3709 me
1094 3663 1233 3724 aequom
1256 3662 1377 3706 censes.

258 3749 358 3813 Poen.
384 3750 483 3813 1336:
641 3748 866 3830 Quapropter?
891 3754 922 3809 π
946 3749 1029 3826 Quia

504 3851 696 3915 Iniuriarum
719 3852 820 3915 multo
843 3852 876 3915 in
899 3852 972 3916 duci
994 3851 1093 3914 satius
1116 3854 1174 3914 est.

257 3954 351 4020 Most.
374 3955 454 4020 450:
612 3954 774 4031 Quidum?
798 3957 828 4019 iss
853 3954 922 4020 Sic:
945 3955 1021 4036 quia

413 4121 415 4125 ,
487 4059 576 4122 Foris
599 4059 781 4122 ambulatis

257 4161 351 4224 Most.
376 4161 453 4225 739:
488 4181 587 4242 supra
609 4161 653 4244 (p.
682 4161 732 4243 19)
758 4161 953 4226 constituere
976 4181 1072 4225 ausus
1094 4181 1176 4225 sum.

170 4303 429 4314 —w————-—

258 4368 279 4436 1)
308 4372 421 4435 Quando
439 4369 491 4422 sub
510 4368 564 4421 ictu
582 4368 656 4421 vocis
674 4367 770 4421 ultima
796 4369 879 4436 longa
896 4369 935 4422 uti
959 4369 1025 4422 mihi
1047 4385 1104 4422 non
1129 4370 1197 4422 adeo
1222 4369 1321 4421 mirum
1343 4365 1462 4431 videtum

170 4455 204 4509 ci.
221 4455 293 4509 inira
310 4455 361 4508 sub
379 4457 521 4523 siquidem.

257 4541 281 4607 ²)
303 4541 340 4594 De
357 4541 486 4608 prosodia
503 4541 578 4594 vocis
596 4544 730 4610 siquidem
748 4541 780 4593 ci.
799 4537 919 4592 Brixium
940 4541 974 4592 ad
992 4541 1019 4593 h.
1037 4541 1054 4593 l.

256 4627 280 4696 3)
308 4626 347 4681 Cf.
366 4642 456 4693 supra.
475 4644 501 4695 p.
522 4628 562 4679 19.
