3286 5198
798 85 840 150 95

173 289 210 354 In
231 287 326 354 huius'
347 289 436 354 modi
459 291 613 373 exemplis
631 292 664 356 in
680 292 744 357 fine
762 312 873 357 versus
890 291 971 356 solet
993 293 1193 375 distingui
1214 294 1256 359 ab
1280 294 1464 362 editoribus.

173 391 245 457 Huc
273 396 383 458 autern
409 394 572 476 pertinent
600 395 697 460 etiam
726 394 882 459 eiusmodi
910 395 1090 461 sententiae
1116 396 1269 462 relativae
1297 397 1348 462 vel
1369 397 1466 463 inter-

173 495 347 578 rogativae,
370 496 486 578 quibus
508 497 615 581 aliqua
635 517 712 580 pars
729 497 908 563 sententiae
924 498 1095 580 primariae
1117 500 1314 582 exprimitur,
1337 503 1374 566 ut
1391 501 1465 566 sub-

172 598 301 677 iectum,
324 599 487 665 obiectum
509 604 585 677 etc.;
618 601 708 687 verbi
730 601 833 683 gratia
853 601 954 666 affero
977 601 1040 668 Mil.
1065 601 1143 684 glor.
1171 604 1245 668 197:

328 702 413 768 Dum
441 723 501 786 ego
530 704 609 769 mihi
631 704 763 770 consilia
784 704 818 768 in
839 705 983 769 animum
1012 723 1156 771 convoco
1178 709 1211 771 et
1232 706 1312 771 dum
1333 707 1466 772 consulo

328 805 413 884 Quid
435 827 541 890 agam,
564 827 661 890 quem
683 807 796 873 dolum
818 806 931 872 doloso
954 812 1070 873 contra
1092 827 1248 875 conservo
1270 828 1392 891 parem.

172 907 316 975 similiter
337 908 401 978 Mil.
425 910 504 993 glor.
530 912 626 977 taor:

604 1014 723 1080 donavi
745 1013 820 1078 dedi
832 1012 857 1097 ¹)

518 1102 609 1197 Quae
631 1118 741 1196 voluit,
764 1137 848 1200 quae
870 1118 1052 1199 postulavit.

172 1235 209 1302 ln
232 1237 297 1302 fine
318 1237 412 1303 huius
434 1240 524 1304 modi
545 1259 696 1305 versuum
719 1239 802 1304 solet
823 1257 903 1303 non
925 1238 1122 1321 distingui
1144 1239 1186 1303 ab
1209 1239 1393 1307 editoribus,

257 1357 295 1425 11.
331 1358 365 1424 Si
395 1379 460 1442 qua
487 1361 648 1425 sententia
669 1359 859 1425 secundaria
882 1363 1031 1441 correpta
1052 1363 1156 1437 extat,
1185 1359 1205 1427 i.
1229 1381 1257 1426 e.
1280 1361 1306 1425 si
1328 1380 1368 1425 ex
1389 1380 1464 1426 sen·

172 1461 273 1526 tentia
299 1462 452 1543 primaria
481 1463 601 1546 aliquid
626 1463 721 1529 simul
749 1463 783 1527 in
809 1463 968 1527 sententia
995 1463 1185 1528 secundaria
1206 1464 1465 1530 subaudiendum

172 1567 230 1642 est,
253 1567 290 1629 ut
311 1564 374 1632 Mil.
398 1565 477 1648 glor.
504 1567 560 1631 17:

431 1686 554 1764 Quoius
575 1689 612 1751 tu
633 1686 774 1769 legiones
797 1686 960 1751 difflavisti
981 1686 1093 1769 spiritu

432 1789 531 1867 Quasi
553 1793 666 1855 ventus
688 1788 765 1857 folia
786 1793 843 1854 aut
864 1789 1049 1871 paniculum
1071 1791 1251 1858 tectorium.

171 1906 244 1971 Huc
254 1907 417 1989 pertinent
427 1909 504 1975 talia
515 1923 644 1993 quoque
660 1910 818 1992 exempla,
838 1929 922 1992 quae
940 1910 1039 1992 paulo
1050 1911 1196 1993 graviora
1207 1913 1463 1993 possuntvideri,

173 2030 217 2075 sc.
235 2010 292 2076 ubi
311 2012 470 2079 sententia
488 2032 551 2078 sec.
571 2032 652 2079 corr.
674 2033 811 2096 parvum
831 2013 972 2096 spatium
991 2014 1126 2094 obtinet,
1146 2020 1183 2080 ut
1201 2015 1265 2084 Mil.
1282 2016 1361 2099 glor.
1381 2017 1462 2081 457:

669 2120 736 2183 tarn
761 2121 829 2182 east
851 2137 950 2200 quam
971 2118 1057 2199 potis

503 2278 508 2284 .
583 2220 703 2286 Nostra
725 2220 808 2286 erilis
830 2221 1020 2288 concubina.

257 2340 307 2408 III.
336 2341 372 2407 Si
387 2341 547 2409 sententia
566 2342 764 2420 coordinata,
786 2347 822 2408 ut
839 2344 884 2408 ita
902 2343 1018 2420 dicam,
1040 2342 1091 2406 vel
1106 2343 1231 2426 integra
1247 2343 1298 2408 vel
1315 2349 1464 2428 correpta

171 2462 230 2525 per
247 2444 419 2526 particulas
441 2453 469 2511 et
486 2467 543 2532 quc
558 2452 651 2531 atque
666 2467 763 2531 neque
780 2453 836 2511 aut
851 2449 910 2512 etc.
934 2443 1073 2524 additur,
1095 2446 1183 2511 velut
1200 2445 1263 2514 Mil.
1284 2446 1363 2529 glor.
1380 2449 1462 2513 649:

324 2549 365 2630 Et
387 2584 448 2648 ego
469 2566 589 2631 amoris
610 2565 811 2648 aliquantum
832 2566 938 2631 habeo
954 2567 1140 2649 umorisque
1159 2567 1256 2633 etiam
1274 2568 1463 2650 incorpore

323 2668 436 2752 Neque
459 2669 537 2734 dum
560 2670 670 2733 exarui
693 2688 733 2733 ex
754 2671 900 2734 amoenis
922 2670 1019 2735 rebus
1042 2673 1074 2734 et
1095 2670 1291 2753 voluptariis.

169 2787 219 2853 vel
241 2789 388 2855 infinitivi
410 2810 557 2874 quaeque
579 2794 654 2855 sunt
676 2790 762 2869 talia,
784 2793 821 2855 ut
842 2790 905 2855 Mil.
929 2789 1008 2873 glor.
1034 2792 1090 2855 11:

401 2910 484 2976 Tam
506 2911 697 2977 bellatorem
718 2911 803 2975 Mars
826 2931 860 2976 se
882 2911 970 2976 haud
992 2911 1075 2975 ausit
1097 2910 1203 2975 dicere

402 3013 515 3097 Neque
538 3015 747 3098 aequiperare
770 3034 845 3080 suas
867 3014 1000 3078 virtutes
1023 3014 1065 3078 ad
1086 3018 1168 3081 tuas.

255 3134 353 3203 Posui
374 3139 486 3202 tamen
507 3136 584 3202 talia
606 3135 771 3219 exempla,
799 3135 854 3200 uhi
881 3155 949 3200 non
977 3138 1045 3201 tarn
1073 3135 1233 3201 sententia
1254 3155 1341 3201 nova
1363 3155 1460 3218 quarn

169 3238 306 3306 verbum
327 3239 457 3322 aliquod
479 3239 528 3304 his
550 3239 714 3322 particulis
735 3239 873 3317 additur,
897 3243 934 3303 ut
955 3238 1039 3303 Men.
1063 3240 1120 3304 99:

641 3379 709 3424 non
731 3360 809 3438 abit,
833 3379 944 3424 verum
967 3359 1084 3425 educat

556 3463 769 3545 Recreatque.

254 3581 306 3648 IV.
340 3582 374 3647 Si
392 3584 612 3665 appositiones
629 3602 713 3666 quae
730 3583 880 3648 dicuntur
893 3585 961 3647 tam
976 3582 1104 3664 amplae
1114 3583 1288 3662 adduntur,
1306 3585 1343 3648 ut
1353 3587 1461 3649 totum

169 3682 235 3750 iere
257 3705 386 3751 versum
408 3686 569 3769 expleant,
591 3692 628 3752 ut
649 3687 765 3752 Pseud.
789 3687 825 3750 5:

366 3806 512 3872 Duorum
534 3807 639 3872 labori
660 3827 720 3890 ego
743 3807 911 3872 hominum
933 3808 1107 3890 parsissem
1127 3807 1259 3873 lubens:

365 3909 428 3974 Mei
449 3913 482 3974 te
504 3911 637 3994 rogandi
661 3916 694 3976 et
715 3912 755 3976 tis
777 3911 995 3993 respondendi
1016 3911 1102 3978 milri.

254 4028 291 4096 V
326 4029 360 4094 Si
382 4031 641 4096 enumerationes
665 4031 786 4096 comice
814 4031 908 4095 fictae
930 4034 1042 4096 extant
1063 4031 1130 4095 sive
1155 4030 1303 4095 maiores
1316 4035 1353 4095 ut
1373 4030 1459 4095 Men

168 4132 232 4197 935
263 4135 296 4196 et
323 4132 399 4198 alibi
428 4133 614 4215 saepissime
636 4135 702 4199 sive
724 4134 865 4199 minores
887 4137 923 4199 ut
944 4134 1008 4201 Mil.
1031 4134 1111 4216 glor
1135 4134 1186 4198 99
1209 4135 1348 4201 541.-
1371 4134 1460 4214 Quas
1496 4149 1535 4200 ou
1535 4150 1614 4246 otigr?

168 4236 309 4318 quinque
340 4237 544 4302 condiciones
577 4238 603 4301 si
633 4237 855 4314 observamus,
888 4237 1029 4319 primum
1061 4238 1193 4321 quidem
1222 4237 1370 4319 quotiens
1392 4237 1459 4302 fere
1487 4201 1529 4297 tin
1507 4211 1622 4350 {ahl}

167 4338 261 4404 Plaut
247 4344 300 4404 tus
315 4344 387 4405 sent
388 4343 443 4405 ent
444 4340 508 4405 ianr
524 4360 635 4405 versus
651 4340 716 4405 fine
730 4341 945 4423 interruperit,
922 4341 1043 4406 thaec
1057 4340 1177 4406 tabella
1194 4342 1313 4423 aliquid
1328 4341 1458 4406 doceat:
1489 4356 1574 4452 sunm?
1575 4357 1621 4454 ἐξ

256 4547 277 4615 1)
304 4551 366 4602 dere
384 4548 462 4601 codd.
