3286 5198
794 90 837 154 50

258 299 305 365 cf.
332 299 420 363 rm.
451 298 523 364 503.
553 297 625 363 574.
657 297 728 361 778.
778 295 894 360 Pseud.
922 294 996 361 010.
1025 294 1098 361 030.
1133 294 1224 359 1000.
1257 293 1353 358 1077.
1404 291 1471 356 mi.

171 402 659 485 mmmmm

257 524 346 588 Haec
368 523 434 587 lere
457 521 605 603 exempla
626 520 704 585 mihi
727 519 823 601 digna
844 519 912 582 visa
928 522 1003 583 sunt
1020 537 1104 600 quae
1121 538 1190 583 rem
1203 518 1469 600 comprobarent.

171 630 277 709 Atque
307 629 442 708 apparet
474 629 606 705 poetam
635 623 786 699 verbum,
822 622 1005 704 ubicunque
1033 622 1140 698 libuit,
1172 641 1190 686 e
1216 639 1275 686 sua
1304 620 1471 685 sententia

171 750 329 812 versuque
370 729 538 809 demptum
585 727 618 790 in
656 727 839 807 proximum
877 744 1006 789 versum
1043 724 1252 791 transtulisse.
1322 723 1470 788 Verbum

170 834 275 914 ipsum
299 852 337 896 ea
359 831 609 912 transpositione
631 829 786 894 maiorem
808 829 873 892 vim
896 828 1027 892 minime
1049 829 1209 909 accipere,
1237 827 1303 892 iam
1326 846 1402 891 cum
1427 827 1469 890 de

171 936 300 1002 Graecis
329 935 429 999 verba
465 935 621 1016 facerem,
657 952 724 997 non
752 932 851 996 semel
879 931 1105 998 demonstravi.
1164 931 1235 996 Hoc
1264 931 1362 1012 igitur
1391 930 1468 994 loco

170 1038 354 1103 satishabeo
383 1038 482 1101 modo
518 1037 558 1100 de
592 1036 652 1101 illis
674 1036 752 1100 locis
774 1054 922 1111 monere,
952 1034 984 1098 in
1007 1035 1123 1116 quibus
1145 1034 1281 1100 fortasse
1304 1033 1468 1116 quispiam

172 1141 358 1206 offenderit:
382 1159 438 1204 eos
461 1141 549 1216 dico,
577 1140 634 1204 ubi
655 1141 791 1203 verbum
821 1138 1013 1203 translatum
1039 1137 1143 1219 prima
1164 1157 1276 1202 versus
1297 1136 1382 1201 thesi
1404 1136 1468 1200 ab·

171 1244 304 1308 solvitur
334 1247 471 1325 postque
498 1243 549 1307 vel
577 1243 780 1324 distinguitur
802 1242 852 1306 vel
883 1241 980 1306 etiam
1008 1241 1137 1305 alterius
1168 1260 1327 1322 personae
1354 1240 1469 1322 incipit

172 1347 285 1413 oratio.
324 1347 371 1410 Ex
388 1347 442 1423 eis,
460 1365 545 1428 quae
561 1365 659 1427 supra
672 1345 775 1427 posui,
796 1344 950 1429 exemplis
964 1342 1028 1408 huc
1043 1345 1219 1425 pertinent:
1238 1344 1326 1410 Trin.
1340 1345 1403 1410 817
1417 1363 1467 1424 sq.

171 1450 305 1514 Mittam.
329 1450 362 1517 iss
385 1451 418 1513 do
442 1471 558 1533 epo...
593 1449 655 1514 Mil.
673 1448 752 1530 glor.
769 1449 891 1529 5dhsq.
927 1447 1009 1511 Feci.
1034 1449 1066 1513 lss
1088 1450 1246 1512 amm...
1280 1447 1339 1511 His
1362 1447 1467 1511 addo:

260 1570 377 1651 Amph.
404 1570 502 1634 1141:
526 1569 577 1632 Tu
600 1588 674 1632 cum
696 1543 875 1633 lllcumena
897 1587 997 1631 uxore
1020 1567 1186 1649 antiquam
1208 1568 1241 1632 in
1263 1567 1402 1648 gratiam

525 1673 622 1736 Redi:
645 1671 733 1735 hadd
749 1673 927 1753 promeruit
949 1691 1047 1751 quam
1064 1672 1107 1735 ob
1129 1691 1199 1735 rem
1215 1671 1292 1736 vitio
1310 1675 1468 1736 verteres,

258 1792 373 1858 Bacch.
398 1794 476 1856 997:
508 1791 605 1855 Pater
627 1792 783 1856 ducentos
806 1792 970 1873 Philippos
993 1812 1114 1874 quaeso
1136 1791 1291 1875 Chrysalo

455 1934 459 1945 ·
508 1894 566 1971 Da,
590 1895 615 1958 si
639 1898 708 1958 esse
730 1896 855 1959 salvom
876 1895 924 1958 vis
946 1916 998 1959 me
1021 1900 1077 1960 aut
1098 1896 1228 1960 vitalem
1249 1895 1317 1962 tibi.

259 1997 305 2064 Cf.
329 1996 448 2078 Amph.
472 1999 545 2077 503,
569 2018 666 2080 quem
688 1998 796 2062 locum
817 1999 915 2079 paulo
939 1999 1022 2062 infra
1044 1999 1181 2063 laudavi.

172 2101 239 2165 Nec
262 2102 401 2166 formam
423 2102 512 2165 verbi
534 2101 711 2165 ullomodo
734 2102 898 2182 impedire,
922 2102 1093 2184 quominus
1105 2106 1346 2184 transponatur,
1371 2104 1421 2167 int
1441 2103 1470 2167 l-

172 2205 259 2286 legas
282 2224 321 2268 ex
343 2203 408 2267 his:
897 2229 900 2234 ·

259 2308 352 2372 Most.
380 2308 477 2372 1173:
634 2311 670 2371 tu
692 2307 819 2388 quiesce
842 2307 927 2370 hanc
948 2327 1018 2370 rem
1040 2309 1138 2372 modo

493 2411 621 2474 Petere:
646 2430 705 2492 ego
729 2411 817 2474 illum
832 2465 838 2476 .
853 2462 859 2475 .
875 2464 881 2476 .

259 2515 358 2581 Poen.
388 2516 466 2579 500:
508 2515 640 2578 Liberos
673 2514 821 2577 homines
858 2534 916 2595 per
953 2513 1067 2578 urbem
1105 2515 1233 2579 modico
1271 2516 1373 2598 magis
1409 2537 1475 2600 par

590 2622 638 2681 est
661 2617 763 2698 gradu

504 2697 566 2785 lre:
590 2720 701 2784 servile
725 2740 794 2784 esse
817 2721 900 2784 duco
924 2721 1131 2785 festinantem
1153 2741 1289 2788 currere.

258 2826 344 2889 Rud.
370 2826 466 2889 1376:
598 2823 733 2887 iuratust
755 2823 832 2886 mihi

495 2927 589 2990 Dare,
613 2925 646 2993 lss
668 2926 771 2988 Lubet
793 2926 907 2989 iurare.

259 3031 326 3094 Nec
348 3031 473 3094 numeri
496 3031 668 3112 quicquam
690 3029 798 3092 valent
821 3033 950 3105 contra3
984 3050 1061 3094 nam
1083 3031 1115 3094 in
1137 3031 1285 3096 baccheis
1307 3032 1474 3099 invenies:

260 3134 378 3215 Amph.
402 3135 479 3198 503:
514 3132 635 3196 Malum
658 3132 749 3231 quod!
767 3133 826 3195 tibi
848 3133 880 3195 di
903 3133 1028 3197 dabunt
1050 3137 1147 3215 atque
1170 3155 1230 3217 ego
1252 3135 1350 3200 hodie

513 3236 606 3299 Dabo
621 3233 657 3318 ¹).
681 3234 714 3302 iss
737 3235 822 3298 lstuc
844 3235 932 3298 tibist
955 3237 986 3299 in
1011 3240 1119 3301 mand.

260 3340 301 3404 ib.
325 3341 403 3404 509:
443 3420 447 3428 ι
534 3337 677 3420 luppiter
699 3341 731 3401 te

442 3443 560 3507 Perdat
570 3441 606 3526 ²).
630 3442 664 3510 ssi
686 3441 771 3518 Quid
786 3442 862 3505 mali
880 3463 962 3519 sum,
983 3463 1046 3520 ere,
1069 3447 1125 3507 tua
1143 3448 1182 3508 ex
1201 3465 1235 3508 re
1252 3447 1476 3527 promeritus?

174 3567 278 3629 neque
301 3548 392 3611 aliter
414 3548 447 3611 in
470 3547 609 3610 creticis:

260 3650 353 3733 Capt.
376 3652 454 3716 935:
489 3635 536 3714 Lx
557 3649 651 3713 bonis
674 3649 815 3731 pessumi
838 3653 870 3712 et
892 3649 1174 3714 fraudulentissimi

485 3754 579 3817 Fiunt
590 3751 616 3835 3)
641 3771 727 3815 nuno
749 3754 784 3814 dt
806 3752 884 3815 mihi
905 3753 936 3815 te'
959 3752 1033 3816 volo
1057 3772 1126 3817 esse
1147 3755 1291 3818 autumo.

259 3856 311 3920 Ad
335 3859 514 3920 extremum
535 3856 625 3918 verbi
647 3854 806 3918 auxiliaris
824 3876 916 3938 posse
937 3856 1018 3919 haec
1040 3857 1148 3938 accipe
1171 3859 1333 3939 exempla:

260 3959 378 4039 Amph.
403 3959 480 4023 587:
613 3978 696 4039 quae
718 3977 823 4038 neque
845 3958 914 4021 fieri

516 4062 655 4125 Possunt
686 4081 791 4143 neque
821 4061 919 4124 fando
950 4082 1104 4144 umquam
1132 4065 1256 4146 accepit
1286 4066 1474 4148 quisquam,

639 4164 774 4246 protere,
799 4164 960 4229 carnufex.

264 4369 282 4434 l)
310 4369 381 4421 Libri
400 4372 468 4422 (labo
487 4371 617 4437 superiori
636 4372 725 4425 versui
744 4372 848 4426 addunt
866 4372 915 4440 (B:
932 4374 1029 4443 Dabo).

261 4453 283 4519 2)
311 4454 383 4506 Libri
401 4458 501 4509 Perdat
519 4473 577 4523 sup.
596 4473 621 4509 V.
641 4458 701 4510 add.

260 4537 283 4603 ³)
311 4542 381 4592 Sunt
399 4541 466 4605 libri,
486 4547 513 4596 at
530 4542 679 4596 Hermanni
697 4544 881 4598 coniecturam
898 4548 986 4599 Fiunt
1004 4554 1116 4615 apparet
1134 4565 1192 4602 esse
1210 4566 1310 4604 veram.
