3286 5198
772 118 926 215 Α

289 327 325 391 In
354 331 491 409 utroque
518 327 613 408 igitur
634 326 706 390 loeo
730 329 827 408 atque
849 327 966 389 horum
989 322 1143 387 similibus
1164 321 1221 385 ubi
1244 324 1355 385 extant
1376 320 1413 384 in
1436 320 1509 384 fine

204 451 314 495 versus
334 429 595 512 distinguendum
613 428 705 512 estl).
741 430 862 494 Eadem
883 433 931 493 est
946 429 1028 492 ratio
1041 427 1124 492 Men.
1142 446 1170 492 v.
1188 445 1218 490 v.
1233 426 1283 489 77.
1303 425 1354 501 78,
1366 424 1426 488 ubi
1438 426 1507 489 est:

462 533 613 596 Iuventus
635 552 755 597 nomen
778 533 853 596 fecit
874 531 1026 596 Peniculo
1049 528 1136 606 mihi,

462 636 538 699 ldeo
561 635 636 717 quia
658 654 815 712 mensam,
838 635 969 716 quando
993 634 1065 708 edo,
1089 633 1251 713 detergeo.

204 739 260 803 ubi
282 737 474 803 Ritscbelius
504 741 536 801 et
565 737 689 801 Brixius
719 756 785 800 non
814 737 1036 813 distinxerunt,
1060 734 1225 815 Ussingius
1254 752 1384 797 mecum
1414 732 1508 798 iacit.

206 840 392 906 Simillimus
414 840 503 905 locus
527 845 614 904 extat
637 840 736 905 Stich.
762 842 833 906 181.

291 945 322 1007 4.
358 944 422 1007 Mil.
445 943 524 1025 glor.
549 944 626 1007 230:
660 943 742 1010 Pal.
777 944 855 1008 Dico
879 947 911 1008 et
933 943 1051 1024 recipio

592 1021 644 1108 rid
677 1066 729 1109 me
759 1050 791 1110 et
814 1068 873 1128 ego
882 1045 907 1130 2)
931 1047 1091 1128 inpetrare
1114 1045 1185 1108 dico
1218 1044 1251 1108 id
1270 1043 1373 1125 *quod
1407 1042 1509 1124 petis

694 1150 893 1232 Periplec.
927 1152 971 1214 At
993 1152 1026 1213 te
1047 1148 1190 1230 Iuppiter

592 1253 682 1319 Bene
711 1257 814 1318 amet!
848 1255 954 1318 auden
992 1252 1185 1335 participare
1215 1269 1268 1313 me
1299 1249 1388 1330 quod
1411 1267 1510 1312 com-

696 1358 857 1420 mentu's‘?

208 1460 262 1525 Sic
298 1460 387 1523 locus
427 1479 505 1523 sane
546 1460 680 1523 difficilis
718 1461 796 1524 mihi
835 1462 962 1525 videtur
1002 1458 1254 1524 constituendus.
1319 1455 1405 1521 Nam
1445 1455 1512 1519 etsi

208 1564 352 1628 concedo
374 1563 480 1628 verbis
497 1572 525 1628 et
547 1561 637 1649 epo3)
661 1564 846 1645 saepissime
868 1564 997 1627 alterius
1020 1581 1178 1644 personae
1195 1560 1291 1642 incipi
1310 1559 1510 1636 orationem,

207 1671 318 1731 tamen
341 1666 461 1730 verbis:
492 1674 520 1730 et
549 1688 601 1752 epo
624 1669 785 1751 inpetrare
807 1669 877 1732 dico
900 1669 935 1731 id
956 1668 1039 1752 quod
1055 1669 1138 1751 petis
1166 1666 1258 1730 alicui
1288 1683 1381 1729 servo
1405 1662 1510 1727 liber-

208 1773 309 1834 tatem
331 1770 474 1851 promitti
498 1789 563 1833 non
587 1770 698 1845 credo;
722 1775 808 1834 certe
830 1775 914 1834 esset
936 1771 1020 1835 iusto
1044 1769 1221 1834 obscurius.
1254 1767 1366 1831 Potius
1387 1765 1511 1830 Palae-

209 1873 320 1938 strioni
343 1873 446 1936 oratio
470 1873 688 1936 continuanda
711 1879 759 1937 est
781 1878 895 1938 contra
917 1874 1033 1937 codicis
1055 1873 1081 1937 B
1104 1872 1211 1936 fidem.

295 1976 468 2039 Praeterea
491 1977 695 2040 offenderunt
717 1977 773 2041 viri
796 1978 882 2041 docti
901 1977 933 2041 in
953 1977 1085 2041 vocibus
1102 1977 1146 2040 aet
1167 1997 1214 2040 me
1235 1975 1268 2039 in
1280 1975 1513 2055 insequentem

210 2098 339 2142 versum
368 2079 545 2153 translatis,
580 2079 669 2161 quod
698 2080 795 2161 paulo
826 2081 936 2144 durius
963 2080 1062 2144 videri
1095 2090 1191 2161 posse
1227 2077 1380 2142 concedo.
1441 2077 1514 2141 Sed

210 2186 438 2263 praeterquam
468 2183 555 2264 quod
586 2183 680 2246 nobis
710 2186 761 2247 sat
790 2203 888 2264 saepe
922 2186 1129 2247 occurrerunt
1163 2180 1324 2262 exempla,
1354 2179 1411 2243 ubi
1442 2199 1515 2244 una

210 2303 274 2347 vox
296 2284 347 2347 vel
369 2285 484 2348 vocula
505 2285 595 2348 initio
619 2285 749 2349 alterius
771 2305 881 2350 versus
904 2287 1066 2362 inseritur,
1090 2304 1173 2367 quae
1195 2302 1293 2348 sensu
1315 2302 1389 2347 cum
1411 2286 1514 2347 ante-

211 2386 398 2451 cedentibus
419 2392 487 2451 arte
511 2389 671 2465 cohaeret,
694 2408 778 2452 unus
800 2390 932 2470 quidem
954 2388 1130 2453 simillimus
1147 2387 1238 2450 locus
1256 2385 1333 2449 mihi
1349 2404 1383 2448 se
1401 2386 1514 2465 offert,

214 2490 270 2571 qui
293 2495 382 2554 extat
404 2490 503 2555 Stich.
526 2512 556 2555 v.
581 2493 717 2573 589sq.:

509 2594 588 2659 illud
610 2595 750 2676 quidem,
773 2597 888 2659 ambos
910 2600 946 2659 ut
968 2614 1099 2659 vocem:

411 2681 450 2796 lit
473 2697 622 2779 equidem
646 2699 672 2760 si
693 2702 812 2780 posset,
837 2719 896 2780 ego
919 2699 983 2762 iam
1006 2718 1065 2762 vos
1087 2698 1274 2760 invitassem
1296 2696 1434 2759 domum

409 2799 462 2862 Ad
473 2819 536 2877 me,
554 2799 611 2863 sed
623 2800 700 2863 mihi
712 2802 743 2865 in
757 2802 828 2865 sinu
839 2801 966 2864 tunicae
978 2800 1055 2864 nihil
1067 2804 1125 2877 est,
1144 2804 1241 2881 atque
1257 2798 1320 2862 hoc
1339 2798 1426 2862 scitis
1440 2818 1516 2866 vos

299 2902 366 2965 lam
395 2901 567 2966 affirmatio
598 2902 651 2965 illa
681 2911 710 2967 et
739 2926 791 2990 epo
819 2907 979 2988 inpetrare
1009 2903 1077 2967 dieo
1100 2903 1135 2966 id
1158 2902 1241 2987 quod
1258 2905 1341 2986 petis
1370 2900 1518 2968 fortasse

213 3002 312 3068 habet
335 3004 455 3085 aliquid
477 3006 525 3068 sui
548 3006 649 3069 simile
672 3006 705 3070 in
728 3007 799 3073 Cas.
823 3027 852 3072 r.
877 3007 941 3070 ulo
952 3026 1010 3088 sq,
1034 3006 1089 3070 ubi
1113 3010 1183 3096 est:¹

428 3186 435 3208 Ι
542 3108 619 3189 quid
641 3109 667 3172 si
690 3128 750 3190 ego
773 3112 882 3173 autem
904 3109 946 3172 ab
970 3109 1128 3189 armigero
1152 3109 1300 3190 impetro,

414 3209 493 3293 Ut4)
518 3211 655 3274 camilli
678 3213 865 3292 permittat?
899 3215 995 3294 atque
1017 3212 1079 3275 hoe
1103 3212 1200 3275 credo
1222 3212 1463 3293 impetrassere.

215 3312 267 3403 Ad
289 3311 367 3375 illud
390 3313 433 3375 oet
453 3335 500 3376 ene
520 3313 610 3377 initio
633 3314 762 3379 alterius
784 3335 895 3380 versus
918 3316 1041 3378 illalum
1064 3315 1152 3397 quod
1175 3315 1290 3378 attinet
1298 3313 1341 3397 ⁵),
1364 3317 1520 3398 suspicor

216 3415 312 3478 etiam
334 3415 366 3478 in
389 3414 454 3478 fine
476 3416 673 3495 Aululariae,
703 3438 800 3499 quem
827 3417 948 3498 perisse
975 3418 1135 3494 dolemus,
1166 3418 1230 3482 tale
1259 3419 1336 3500 quid
1359 3419 1518 3500 extitisse,

214 3518 270 3581 ubi
292 3538 442 3582 versuum
466 3519 668 3584 distinctione
690 3522 723 3584 in
746 3521 909 3585 codicibus
930 3522 1140 3602 pessumdata
1161 3522 1290 3603 legitur:

217 3615 390 3623 n—.——
396 3618 475 3624 ——.

304 3639 324 3704 Ι)
351 3641 483 3693 Nimirum
502 3640 584 3694 etiam
609 3641 637 3694 in
662 3641 756 3695 mediis
783 3641 905 3695 renibus
928 3658 1010 3695 voces
1034 3641 1102 3695 tales
1131 3642 1279 3696 distrahere
1301 3642 1446 3698 vindecet
1465 3661 1519 3700 nec
1602 3646 1605 3651 ⁴

216 3725 303 3792 placet
321 3727 427 3780 Brixius
446 3725 497 3778 bill.
516 3727 582 3794 glor.
602 3727 625 3784 2.
644 3728 728 3781 rerba
746 3728 784 3780 sic
802 3727 981 3794 distinguens:

527 3813 616 3879 Quam
635 3815 699 3867 solis
717 3815 785 3868 radii
803 3831 861 3867 esse
880 3814 952 3878 olim,
971 3830 1055 3882 quom
1073 3816 1205 3878 sudumst,
1224 3815 1320 3869 solent.

305 3895 328 3964 ²)
347 3916 420 3966 rpem
438 3898 509 3963 libri;
535 3916 563 3952 m
580 3899 668 3954 littera
687 3901 793 3954 adnexa
811 3900 878 3953 nihil
895 3900 981 3963 valet;
1007 3902 1040 3954 ct.
1056 3901 1177 3954 Brixium
1196 3901 1275 3954 adh.
1294 3901 1312 3954 l.
1331 3900 1369 3964 (in
1383 3904 1520 3971 append.)

302 3980 325 4050 3)
353 3983 391 4037 cf.
410 3984 491 4037 etiam
510 4000 580 4052 quae
597 3986 668 4054 pli)
685 4002 725 4054 sq.
745 3987 777 4039 de
795 3985 893 4052 exigua
911 3986 983 4053 apud
1002 3986 1121 4039 comicos
1135 3986 1161 4039 vi
1176 3986 1346 4055 pronominis
1360 3989 1521 4055 personalis

219 4083 339 4135 exposui.

302 4154 324 4222 ⁴)
348 4157 380 4209 Ut
399 4172 452 4209 om.
470 4156 544 4220 libri;
563 4157 585 4210 si
598 4157 688 4211 hiatus
703 4157 731 4210 in
748 4173 861 4210 caesura
878 4156 1013 4225 legitimus
1029 4157 1162 4223 statuitur,
1183 4156 1329 4212 Camerarii
1346 4157 1520 4228 coniectura,

219 4257 273 4307 qua
291 4259 331 4293 me
349 4247 411 4308 post
429 4245 506 4295 credo
524 4242 644 4306 inseruit,
663 4259 719 4295 non
739 4258 808 4310 opus
826 4247 874 4295 est.

305 4326 327 4391 5)
346 4326 420 4379 Poen
440 4327 503 4381 761:
608 4344 715 4381 servom
735 4342 793 4381 esse
812 4329 902 4381 audivi
922 4345 1011 4381 meum

547 4413 626 4481 Apud
645 4420 678 4466 te.

220 4497 282 4550 inde
300 4499 366 4564 petit
385 4498 594 4563 excusationem,
615 4500 688 4566 quod
708 4500 794 4552 oratio
814 4501 944 4568 excipitur
962 4499 1025 4566 Lyci
1043 4500 1131 4552 verbis
1149 4499 1205 4553 his:

547 4585 627 4652 Apud
646 4585 710 4637 me‘?
729 4601 869 4653 nunquam
889 4586 991 4639 iactum
1009 4584 1133 4652 reperies.
