3286 5198
778 89 819 152 58

253 297 349 362 Merc.
375 298 454 362 152:
611 297 748 361 liberum

470 399 576 482 Caput
598 400 656 464 tibi
678 399 794 481 faciam
817 401 861 464 cis
882 419 1004 482 paucos
1025 399 1155 463 mensis

549 572 585 638 B.
619 572 657 636 in
680 572 851 636 senariis
874 571 1064 635 iambicis

253 693 341 757 Trin.
365 694 447 757 510:
482 691 589 770 Quom
612 692 779 756 adfinitate
801 695 912 756 vostra
933 711 985 755 me
1008 691 1208 757 arbitramini

480 795 631 877 Dignum,
654 795 761 860 habeo
784 795 886 873 vobis,
909 795 1025 874 Philto,
1048 815 1201 877 magnam
1223 795 1371 878 gratiam.

254 917 353 980 Poen.
376 916 455 980 455:
490 915 651 992 Quoniam
673 915 764 979 litare
780 928 923 996 'nequeo
948 913 1038 1001 [ego]
1062 915 1126 979 abii
1147 915 1224 978 illim
1246 915 1319 979 ilico

489 1018 609 1086 Iratus:
633 1022 708 1082 exta
729 1017 819 1082 votui
840 1018 1039 1100 prosicarier.

383 1294 462 1374 xlv.
504 1294 684 1392 Epitheton
713 1315 737 1373 a
762 1314 830 1373 suo
858 1295 1010 1392 positivo
1038 1295 1245 1394 seiunpitrr.

255 1448 382 1512 Ultimis
411 1452 565 1530 quattuor
594 1448 672 1513 locis
703 1449 856 1530 quoniam
885 1450 1082 1514 absolvimus
1116 1469 1199 1531 quae
1227 1449 1327 1531 paulo
1356 1449 1457 1513 minus

169 1552 393 1618 memorabilia
413 1552 579 1630 videntur,
608 1552 755 1634 quamvis
779 1556 811 1616 et
833 1553 866 1616 in
892 1553 941 1617 his
970 1553 1022 1619 hic
1051 1558 1149 1635 atque
1175 1553 1238 1617 illic
1267 1573 1333 1617 uno
1362 1553 1456 1618 modo

169 1655 328 1720 vocabulo
350 1655 382 1719 in
405 1655 541 1719 alterum
553 1674 684 1719 versum
705 1655 872 1733 translato,
895 1657 939 1720 ita
961 1661 997 1721 ut
1018 1661 1093 1740 post
1115 1657 1338 1738 distinguatur,
1361 1677 1459 1740 pausa

169 1759 223 1823 illa
245 1778 344 1841 quam
366 1757 503 1821 diximus
526 1757 731 1839 agnoscenda
752 1758 801 1837 sit,
824 1759 889 1823 iam
911 1761 1116 1841 pervenimus
1139 1761 1181 1825 ad
1203 1761 1360 1825 maiorem
1383 1780 1458 1825 rem.

170 1861 394 1926 Tractabimus
428 1860 514 1924 enim
547 1860 689 1942 epitheta
721 1881 742 1925 a
774 1863 839 1926 suis
872 1863 1018 1944 positivis
1051 1884 1161 1928 versus
1194 1863 1259 1928 fine
1293 1864 1459 1929 disiuncta.

172 1964 387 2030 Commendat
409 1966 518 2027 autem
540 1967 658 2027 natura
679 1965 726 2028 rei
748 1985 888 2047 ususque
909 1965 1091 2044 Plautinus,
1121 1970 1158 2031 ut
1181 1967 1322 2050 quinque
1344 1987 1461 2049 genera

171 2068 420 2149 distinguamus3
453 2066 558 2148 primo
589 2067 675 2131 enirn
704 2068 776 2132 loco
807 2069 1018 2134 tractabimus
1046 2090 1228 2153 pronomen
1257 2071 1461 2136 demonstra·

171 2171 281 2248 tivum,
295 2169 585 2247 determinativum,
597 2169 776 2248 relativum,
791 2172 1065 2255 interrogativum,
1083 2173 1301 2256 indefinitum3
1320 2174 1462 2239 secundo

171 2272 365 2349 numeralia3
399 2273 493 2337 tertio
525 2293 707 2356 pronomen
729 2277 963 2356 possessivum3
986 2281 1101 2358 quarto
1125 2277 1190 2341 duo
1212 2277 1263 2341 vel
1286 2278 1465 2360 compluria

172 2376 328 2440 adiectiva
365 2376 422 2440 uni
456 2377 595 2458 positivo
631 2377 755 2452 addita3
803 2378 916 2460 quinto
950 2399 1052 2443 unum
1092 2381 1286 2447 adiectivum
1324 2382 1463 2464 positivo

172 2478 327 2544 additum.

173 2688 200 2752 l.
242 2685 449 2754 Pronomen
475 2684 689 2770 demonstr,
717 2686 882 2772 determ,
904 2688 1025 2774 relat,
1048 2687 1244 2776 interrog,
1266 2688 1420 2760 indefin.
1443 2711 1468 2760 a

500 2807 569 2858 suo
593 2789 761 2874 positivo
783 2809 899 2860 versu
920 2791 1141 2862 secernitur.

256 2979 284 3024 a.
319 2979 543 3041 pronomen
564 2963 689 3027 artius
712 2963 900 3028 cohaeret
923 2984 1005 3029 curn
1027 2986 1098 3030 suo
1122 2966 1386 3032 substantivo.

517 3116 555 3181 A.
590 3117 630 3180 in
652 3118 835 3183 versibus
856 3119 1118 3201 longioribus.

260 3235 348 3299 Trin.
375 3236 472 3299 1123:
629 3238 686 3301 sed
708 3238 794 3302 fores

498 3338 568 3404 Hae
591 3342 697 3405 sonitu
720 3362 778 3407 suo
802 3344 879 3408 mihi
901 3365 1027 3409 moram
1051 3346 1193 3411 obiciunt
1214 3348 1433 3415 incommode.

260 3457 324 3522 Mil.
347 3459 426 3540 glor.
451 3460 527 3524 607:
563 3460 628 3525 Sed
651 3463 858 3544 speculabor,
887 3485 929 3529 ne
952 3466 1023 3547 quis
1045 3470 1100 3530 aut
1128 3467 1202 3532 hinc
1230 3472 1286 3533 aut
1308 3468 1350 3533 ab
1374 3470 1468 3536 laeva

622 3570 677 3632 aut
699 3566 831 3631 dextera

565 3668 683 3733 Nostro
707 3671 839 3734 consilio
862 3676 997 3736 venator
1019 3673 1102 3738 adsit
1126 3695 1198 3739 cum
1220 3675 1330 3740 auritis
1352 3677 1467 3760 plagis

456 3789 531 3852 701:
688 3810 766 3854 nam
787 3790 895 3855 hercle
917 3793 943 3855 si
964 3793 1060 3857 istam
1082 3795 1181 3858 semel
1203 3796 1346 3860 amiseris

566 3892 778 3971 Libertatem,
809 3893 897 3958 baud
927 3895 1018 3960 facile
1048 3898 1080 3960 in
1109 3897 1247 3962 eundem
1275 3919 1386 3964 rusum
1413 3921 1467 3967 re-

622 3997 734 4061 stitues
755 3997 872 4062 locum.

456 4115 536 4179 951:
694 4138 776 4199 quae
799 4118 857 4181 tibi

566 4217 720 4283 Condicio
744 4240 829 4284 nova
852 4226 883 4284 et
905 4222 1068 4287 luculenta
1090 4224 1191 4289 fertur
1212 4246 1270 4308 per
1292 4247 1345 4291 me
1366 4225 1468 4292 inter·

625 4326 760 4402 pretem.

438 4424 534 4488 1344:
693 4427 837 4505 obsecro,
862 4449 958 4511 quem
982 4430 1131 4511 amplexa
1153 4453 1224 4497 sum

566 4527 761 4592 Hominem?
