3284 5214
739 162 852 258 {Aa

257 368 375 450 Amph.
403 368 478 433 157:
509 367 576 432 Nec
607 370 737 431 causam
766 367 859 431 liceat
882 366 987 431 dicere
1008 367 1086 431 mihi
1108 369 1213 448 neque
1235 366 1269 430 in
1292 385 1348 430 ero
1373 367 1459 449 quic-

602 491 699 552 quam
723 470 854 555 auxii1)

507 573 575 638 siet
597 593 657 638 nec
679 573 848 655 quisquam
870 577 910 638 sit.
930 573 1006 656 quin
1029 594 1081 638 ine
1104 593 1216 638 omnes
1237 576 1306 637 esse
1330 572 1461 654 dignum

602 676 768 759 deputent.

258 799 366 863 Liceat
388 799 514 863 adicere
537 798 656 881 Amph.
679 798 759 882 prol.
788 799 928 880 ddsqq,
963 818 1058 880 quem
1082 799 1190 863 locum
1212 797 1256 863 sic
1279 797 1461 879 scripserim

171 901 347 966 maximam
368 906 494 984 partem
516 902 700 984 Ussingium
722 905 864 966 secutus:

482 1005 552 1087 quis
574 1005 749 1069 benefactis
770 1024 862 1069 meus
885 1008 986 1088 pater,

327 1109 469 1172 Deorum
491 1112 652 1190 regnator,
674 1108 868 1172 architectus
891 1108 1041 1173 omnibus

327 1212 376 1277 Sit
385 1209 433 1294 ²)?
466 1211 536 1274 Mos
558 1230 737 1292 numquam
759 1211 820 1275 illic
842 1211 886 1275 illi
908 1201 969 1274 sint
991 1211 1073 1292 patri
1097 1230 1170 1274 meo
1184 1258 1191 1271 .
1207 1263 1234 1275 ..

258 1331 347 1396 Haec
369 1332 436 1396 fere
458 1331 606 1413 exempla
627 1331 705 1395 mihi
727 1335 944 1395 occurrerunt.
997 1330 1110 1412 Neque
1133 1350 1215 1412 opus
1237 1334 1285 1395 est
1307 1330 1460 1413 pluribus.

172 1438 317 1518 Apparet
340 1435 425 1498 enim
447 1434 599 1499 Plautum
620 1434 682 1499 hac
703 1435 736 1499 in
759 1455 793 1499 re
816 1434 955 1499 eundern
976 1454 1072 1498 usum
1094 1438 1241 1499 secutum
1263 1453 1342 1511 esse,
1366 1454 1463 1516 quem

173 1536 260 1619 apud
283 1536 422 1602 Graecos
444 1537 581 1601 valuisse
603 1556 700 1618 supra
723 1537 774 1621 (ci.
798 1557 829 1619 p.
855 1538 872 1600 7
892 1540 924 1600 et
943 1537 1006 1621 10.)
1030 1538 1364 1602 commemoravimus
1396 1537 1463 1602 Nec

174 1661 285 1705 causas
315 1639 409 1704 huius
439 1640 485 1703 rei
513 1640 703 1720 investigare
738 1639 865 1703 difficile
903 1643 960 1703 est.
1014 1639 1140 1705 Scilicet
1177 1658 1288 1704 versus
1323 1642 1462 1724 spatium

172 1763 239 1807 non
261 1743 455 1808 sufficiebat:
480 1762 555 1824 ergo
578 1762 676 1825 supra
692 1742 758 1807 eius
780 1743 934 1806 terminos
957 1762 1039 1824 opus
1058 1743 1116 1806 fuit
1139 1744 1284 1810 evadere.
1319 1745 1358 1809 Et
1381 1765 1463 1828 quo-

173 1847 260 1910 niam
282 1845 417 1909 verbum
439 1845 470 1908 in
484 1845 655 1908 enuntiatis
677 1844 758 1908 solet
770 1844 918 1908 ultimum
940 1844 1047 1909 locum
1070 1850 1197 1924 tencre,
1221 1847 1307 1929 quid,
1331 1867 1462 1929 quaese,

173 1948 371 2014 verisimilius
394 1949 558 2030 magisque
582 1951 834 2011 consentaneum
856 1947 915 2011 fuit
942 1968 1041 2029 quam
1066 1949 1172 2031 ipsum
1195 1951 1330 2014 verbum
1358 1951 1462 2015 inin·

173 2055 362 2135 sequentem
384 2071 513 2115 versum
534 2050 718 2114 transferri?
771 2048 866 2127 Quod
895 2054 1005 2114 autem
1031 2052 1139 2115 statim
1167 2052 1199 2115 in
1222 2053 1310 2116 initio
1334 2053 1464 2118 alterins

173 2175 284 2219 versus
307 2154 524 2236 distinguitur,
556 2153 632 2217 nihil
655 2153 753 2216 habet
775 2153 859 2217 miri:
889 2174 1006 2236 pausa,
1038 2175 1120 2236 quae
1143 2156 1218 2220 alibi
1240 2156 1276 2220 iit
1298 2157 1331 2220 in
1353 2177 1464 2222 versus

174 2259 247 2336 fine,
270 2258 400 2322 locum
422 2256 637 2341 mutavit3),
672 2276 738 2319 non
769 2256 862 2321 desiit
884 2277 962 2321 esse.
995 2296 1035 2306 —
1062 2259 1179 2340 Atque,
1203 2263 1239 2323 ut
1261 2259 1352 2336 solet,
1376 2261 1464 2342 quod

173 2363 277 2444 primo
300 2361 359 2425 fuit
381 2360 517 2438 licentia,
541 2360 632 2424 facile
655 2359 691 2422 fit
713 2379 799 2436 usus,
822 2380 863 2423 ne
886 2360 991 2424 dicam
1013 2360 1162 2425 studium.

226 2620 263 2699 li.
301 2618 325 2698 Ε
353 2619 490 2699 duabus
519 2617 589 2720 (rel
619 2619 875 2719 compluribus)
903 2621 1052 2700 uocibus
1081 2622 1239 2701 eiusdem
1269 2622 1413 2720 ueneris

176 2743 378 2842 plerumque
415 2740 613 2819 coniunctis
648 2740 898 2840 particularum
934 2760 1001 2842 ope
1029 2762 1121 2841 quae
1154 2745 1255 2822 sunt:
1291 2744 1339 2820 ei
1365 2761 1465 2841 que

174 2864 329 2960 utque
355 2878 521 2958 neque
548 2862 644 2938 aut
670 2877 847 2958 quum,
876 2880 959 2940 raro
988 2863 1161 2962 asyndete
1182 2864 1311 2964 positis
1335 2886 1404 2944 una
1432 2868 1464 2946 in

511 2985 659 3063 alterum
687 3003 829 3062 versum
856 2982 1127 3084 transfertur).

526 3172 565 3234 A.
599 3170 639 3234 in
661 3171 838 3234 versibus
861 3168 1116 3250 longioribus.

300 3292 363 3358 Mil.
388 3292 466 3374 glor.
490 3293 568 3356 411:
603 3292 681 3355 Inde
719 3294 826 3372 ignem
865 3291 898 3354 in
935 3309 1044 3369 aram,
1083 3295 1119 3355 ut
1154 3293 1309 3375 Ephesiae
1342 3295 1466 3361 Dianae

683 3395 768 3459 laeta
790 3394 901 3458 laudes

607 3497 775 3578 Gratisquo
804 3517 898 3578 agam
931 3496 1024 3578 eique
1051 3501 1087 3562 ut
1117 3499 1256 3564 Arabico
1292 3500 1467 3567 fumificem

682 3601 782 3665 odore
805 3620 951 3665 amoene.

263 3772 284 3842 l)
311 3773 385 3826 Libri
404 3776 507 3826 auxilii
524 3777 574 3826 siet
592 3773 620 3826 in
638 3774 692 3826 fine
709 3790 802 3827 versus
827 3773 965 3836 exhibent3
990 3779 1018 3828 at
1040 3775 1068 3829 in
1087 3776 1186 3829 talibus
1204 3775 1323 3830 minutiis
1342 3778 1467 3833 codicum

175 3859 312 3928 discriptio
331 3876 387 3912 non
411 3859 526 3913 multum
544 3860 629 3925 valet3
654 3859 692 3913 Cf.
711 3877 736 3913 v.
755 3876 780 3928 g.
798 3860 897 3928 Amph.
915 3860 974 3912 563.
997 3862 1056 3924 569,
1080 3878 1149 3929 quos
1174 3861 1250 3915 locos
1267 3879 1350 3931 supra
1368 3864 1404 3932 (p.
1422 3866 1467 3932 50)

175 3946 263 4000 citari.

262 4030 285 4099 ²)
311 4031 398 4085 Libri:
424 4033 476 4086 Sed
493 4049 550 4086 moe
567 4050 715 4100 numquam
738 4035 782 4085 illi
809 4036 865 4100 fuit
878 4051 907 4102 p.
926 4051 960 4090 m.
988 4032 1129 4102 Ussingius
1153 4033 1193 4102 (in
1213 4035 1297 4103 adn.):
1320 4038 1383 4091 Sit?
1409 4057 1468 4094 moe

174 4135 322 4186 numquam
340 4120 386 4171 ille
403 4119 449 4170 illi
465 4121 521 4185 suit
536 4136 563 4186 p.
582 4137 616 4171 m.

261 4201 285 4269 ³)
311 4201 401 4256 Simile
419 4208 460 4256 est
477 4203 551 4270 quod
563 4203 592 4257 in
606 4205 757 4271 septenario
772 4203 908 4258 trochaico
922 4205 999 4259 locus
1012 4222 1139 4260 caesurae
1154 4206 1210 4260 sire
1223 4225 1325 4276 pausae
1339 4215 1467 4265 mutatur.

262 4286 284 4354 4)
312 4288 344 4342 In
365 4288 419 4342 hoc
440 4287 501 4341 loco
526 4294 607 4357 atque
629 4289 658 4343 in
682 4290 870 4358 sequentibus,
900 4291 947 4345 ubi
974 4297 1069 4360 aptum
1095 4293 1248 4359 videbatur,
1276 4295 1382 4348 excussi
1407 4295 1468 4351 illas

177 4374 286 4443 quidem
304 4379 358 4429 tres
376 4374 483 4428 fabulas
501 4374 602 4443 primas
621 4375 774 4443 omniaque,
792 4381 822 4429 ut
840 4375 923 4443 soleo,
947 4377 1070 4446 digniora
1093 4378 1217 4447 exempla
1239 4379 1332 4448 siquae
1351 4380 1469 4436 offerunt

177 4460 285 4529 collegi3
313 4460 336 4514 si
353 4465 445 4514 tamen
471 4460 533 4514 illae
560 4466 607 4515 aut
633 4461 708 4514 nulla
735 4460 852 4515 offerunt
879 4467 927 4516 aut
952 4479 1008 4516 non
1035 4464 1204 4532 sufficientia,
1231 4469 1324 4519 tacens
1349 4465 1469 4535 reliquas

176 4546 285 4601 fabulas
299 4545 411 4601 adhibui
424 4550 450 4599 et
463 4546 586 4615 exempla
599 4546 645 4612 ita,
659 4553 689 4600 ut
702 4563 745 4601 res
759 4547 935 4614 desiderabat,
954 4550 1044 4603 studui
1059 4550 1192 4618 ordinare,
1210 4550 1362 4605 fabularum
1373 4553 1469 4608 ordine

178 4632 267 4686 minus
285 4638 417 4701 respecto.
