3286 5198
767 153 865 248 --.88

200 360 254 425 Sic
285 359 498 441 Ribbeckius;
543 359 632 442 quod
668 359 785 423 falsum
825 378 895 422 esse
938 376 1128 439 persuasum
1163 356 1280 421 habeo
1334 355 1500 438 Equidem

200 463 396 545 scripserim:

452 566 554 631 habes
576 565 765 630 Miletidam:
1136 646 1138 650 Ι

368 654 436 752 Ego
458 670 545 733 illam
568 669 642 733 huic
665 667 877 748 despondebo
900 671 932 731 et
954 673 1032 730 nato
1056 667 1173 732 saltum
1197 666 1355 747 obsipiam
1372 698 1394 732 ,L
1419 711 1439 732 o
1468 710 1499 720 -

200 771 353 854 Suspicor
382 773 460 837 illud
489 795 528 838 erc
562 774 655 839 codd.
686 775 793 835 ortum
824 789 894 834 esse
921 791 938 835 e
969 769 1053 834 male
1077 769 1213 851 repetito
1245 777 1288 851 er,
1322 772 1500 850 praeterea

200 876 463 941 constituendum
491 882 539 942 est
558 878 781 959 insequentem
810 893 925 975 yocem
943 894 963 938 a
980 873 1084 937 vocali
1102 873 1209 938 littera
1226 872 1393 953 incepisse,
1414 892 1442 935 c.
1462 891 1498 952 q.

199 978 349 1042 lenonem
373 999 539 1044 assensum
562 1000 631 1044 esse
653 980 772 1043 verbis:
797 979 849 1042 Ito
871 979 962 1042 decet.

291 1083 368 1146 122:
498 1084 617 1148 credidi
639 1083 830 1147 silicernium

388 1187 462 1251 Eius
484 1207 537 1251 me
559 1191 629 1251 esse
651 1207 789 1252 esurum.

199 1285 311 1351 Melius
334 1308 407 1352 cum
429 1291 625 1355 Buechelero
648 1294 710 1371 spt.
733 1290 835 1356 troch.
859 1292 995 1352 statuas:

390 1392 518 1457 Credidi
540 1393 731 1458 silicernium
754 1392 821 1456 eius
843 1412 895 1455 me
918 1400 1139 1456 esse'esurum
1163 1388 1392 1477 [propediem].

288 1495 366 1558 142:
397 1496 484 1560 Inter
505 1497 647 1561 virorum
670 1497 840 1560 doctorum
864 1494 1044 1571 conamina,
1067 1515 1151 1576 quae
1174 1498 1285 1559 extant
1307 1497 1356 1558 sat
1378 1493 1495 1570 multa,

198 1597 392 1678 praeplacet,
423 1599 511 1680 quod
537 1600 732 1664 Ribbeckius
763 1600 795 1663 in
824 1602 949 1663 textum
976 1598 1106 1680 recepit.
1150 1597 1186 1660 ln
1213 1597 1349 1661 transitu
1379 1600 1496 1661 tamen

198 1699 304 1764 facere
337 1720 403 1765 non
436 1723 578 1784 possum,
613 1703 691 1785 quin
726 1702 831 1766 eidem
863 1703 931 1765 viro
965 1701 1148 1765 doctissimo
1176 1702 1345 1782 obloquar,
1375 1700 1430 1782 qui
1459 1699 1496 1762 in

198 1803 308 1867 coroll.
326 1824 358 1886 p.
373 1804 503 1869 XXVIII
516 1805 608 1869 dicit:
629 1805 768 1870 Ceterum
780 1813 967 1889 anapaestos
980 1808 1034 1890 qni
1043 1806 1177 1890 depilet,
1190 1805 1278 1869 hocce
1288 1804 1348 1868 sibi
1363 1803 1494 1868 habam:

283 1908 313 1972 Is
336 1906 469 1972 demum
491 1910 587 1974 miser
610 1913 668 1986 est,
692 1909 747 1990 qui
769 1929 958 1972 aerumnam
981 1908 1216 1972 suam-nesciat
1239 1907 1410 1972 occulitare

284 2009 383 2074 Foris,
402 2015 447 2075 ita
464 2011 508 2074 mi
526 2030 609 2075 uxor
623 2013 728 2075 forma
748 2016 780 2076 et
797 2012 888 2076 factis
905 2011 989 2088 tacit,
1005 2011 1030 2075 si
1049 2015 1185 2087 taceant,
1205 2014 1316 2075 tamen
1326 2010 1495 2074 indicium.

198 2112 261 2175 Ubi
293 2117 329 2177 ut
362 2115 487 2179 numeri
521 2119 596 2178 sunt
629 2115 807 2197 eleganteS,
837 2115 882 2180 ita
915 2113 993 2177 illud
1022 2114 1106 2196 foris
1135 2115 1168 2177 in
1196 2115 1332 2179 alterum
1361 2133 1494 2177 versum

197 2215 389 2280 translatum
412 2236 489 2281 sane
511 2218 691 2282 inauditum
715 2223 772 2282 est.

284 2319 450 2383 Iuventi

269 2423 325 2486 ¹2:
456 2425 574 2505 gaudia

351 2526 418 2590 Sua
443 2527 469 2590 si
492 2531 606 2592 dmnes
627 2529 776 2592 homines
800 2528 967 2591 conterant
988 2546 1091 2590 unum
1112 2526 1146 2589 in
1168 2525 1285 2605 locum,

351 2630 476 2695 Tamen
500 2652 574 2697 mea
597 2635 767 2713 exsuperet
789 2630 917 2694 laetitia.

195 2733 255 2797 Vix
287 2733 421 2798 dubium
455 2739 520 2812 est,
555 2736 632 2817 quin
656 2735 691 2800 C.
711 2735 745 2798 Γ.
767 2734 818 2798 W.
847 2733 990 2798 Muelleri
1017 2733 1160 2799 trochaei
1189 2735 1391 2816 praeferendi
1427 2735 1496 2800 sint

197 2836 250 2921 (cl.
272 2837 376 2903 Plaut.
398 2837 534 2902 Prosod.
557 2859 589 2919 p.
614 2837 706 2921 317):

508 2940 633 3005 Gaudia
656 2960 714 3005 sua
737 2941 764 3004 si
787 2961 900 3005 omnes
922 2941 1070 3006 homines
1094 2991 1101 3005 .
1127 2991 1133 3005 .
1159 2992 1166 3005 .

284 3043 392 3107 Sexti
415 3043 568 3124 Turpili

283 3148 341 3211 92:
370 3147 480 3211 Habes
517 3151 712 3228 potestatem
741 3145 776 3216 lss
805 3148 867 3211 Ubi
898 3153 1115 3230 potestatem?
1146 3148 1180 3219 lss
1203 3149 1295 3213 Senis

373 3250 481 3314 Pretio
505 3250 683 3314 contendas
704 3254 741 3314 ut
763 3250 932 3332 redempto
954 3253 1089 3317 Faedria

372 3353 480 3416 Liceat
502 3354 606 3418 redire
628 3354 796 3436 antiquam
818 3355 850 3418 in
874 3356 1149 3421 consuetudinem.

195 3458 290 3522 Tales
324 3476 435 3521 versus
468 3457 725 3535 RibbeckianoS,
761 3478 802 3522 ne
835 3460 996 3540 pensitata
1029 3460 1160 3542 quidem
1192 3460 1286 3525 huius
1318 3460 1380 3525 loci
1413 3481 1492 3527 sen·

194 3561 304 3638 tentia,
328 3563 438 3623 tamon
461 3580 527 3624 non
550 3560 699 3625 terendos
723 3581 793 3626 esse
814 3562 930 3626 iudico.
965 3562 1049 3640 Quid
1066 3583 1179 3627 verum
1196 3563 1300 3642 fuerit,
1323 3582 1396 3628 curn
1414 3583 1491 3629 sen·

196 3664 296 3728 tentia
318 3683 384 3727 non
409 3663 448 3726 sit
470 3664 650 3746 perspicua,
674 3665 832 3729 difficilius
855 3670 903 3729 est
925 3666 1109 3730 diiudicatu.
1154 3668 1228 3733 Luc.
1252 3666 1423 3731 Muellerus
1445 3668 1493 3733 sic

196 3767 309 3831 edidit:

453 3869 562 3934 Habes
585 3875 789 3951 potestatem,
814 3872 870 3935 ubi
892 3877 982 3953 petes
1006 3877 1142 3950 tantum,
1165 3873 1259 3937 senis

453 3973 595 4037 Pretidm
619 3975 805 4051 contendas,
829 3980 865 4040 ut
888 3976 1056 4057 redempto
1080 3977 1258 4041 Phaedriae

322 4083 324 4087 '
455 4077 562 4141 Liceat
585 4078 688 4141 redire
711 4079 878 4159 antiquam
900 4079 932 4142 in
955 4080 1230 4144 consuetudinem.

283 4180 360 4243 106:
492 4200 607 4243 neme
630 4181 754 4262 attigas,
778 4186 876 4262 atque
898 4182 989 4246 aufer

394 4282 538 4347 Manum.
561 4283 595 4351 ssl-
617 4283 699 4347 Heta
721 4305 818 4365 quam
843 4284 1029 4350 feroculastl

281 4384 333 4448 Sic
355 4385 550 4450 Ribbeckius
566 4386 673 4450 locum
692 4388 866 4464 constituit,
889 4392 923 4453 at
945 4409 1023 4453 sane
1041 4389 1140 4472 fals03
1168 4390 1267 4454 verba
1287 4390 1372 4454 enim
1395 4392 1492 4474 aufe-r

193 4509 322 4552 monum
352 4491 419 4551 tani
449 4493 518 4552 arte
551 4494 630 4570 puto
667 4490 830 4572 coniungi,
860 4496 896 4554 ut
924 4512 989 4556 uno
1018 4495 1104 4557 vocis
1130 4495 1195 4558 ictu
1228 4493 1490 4576 pronuntientur.

194 4590 270 4653 Mihi
294 4611 370 4654 vero
393 4595 463 4655 tota
485 4591 621 4656 elocutio
645 4613 748 4674 usque
772 4595 813 4657 ad
837 4614 950 4658 vocem
972 4617 1102 4661 manum
1129 4597 1211 4660 adeo
1239 4598 1272 4661 in
1294 4616 1328 4661 se
1350 4616 1434 4661 nexa
1457 4602 1491 4662 et
