3286 5198
744 160 899 257 a—7

263 367 358 431 Addo
382 385 400 430 e
421 365 582 430 Pseudolo
604 385 705 430 unum
727 365 851 431 locum:

262 490 293 534 v.
318 470 380 535 729
402 489 479 551 sqq:
636 470 736 534 modo

521 572 583 652 Qui
601 577 728 656 epatre
744 573 874 639 advenit
889 573 1023 658 Carysto
1039 574 1178 639 necdum
1197 576 1261 637 exit
1279 572 1468 638 eir-aedibus

523 675 711 759 Quemquam,
741 696 847 758 neque
873 676 1019 742 Athenas
1048 676 1178 741 advenit
1209 695 1365 758 umquam
1392 679 1468 741 ante

612 779 799 842 hesternum
820 778 917 842 diem.

177 902 228 950 vv.
253 885 362 947 autem
385 881 448 946 704
470 901 540 964 sqq.
568 901 586 945 e
609 882 730 946 comice
761 882 924 946 cumulata
950 881 1124 946 verborum
1152 880 1245 963 copia
1273 883 1389 964 petunt
1411 901 1468 945 ex·

181 985 390 1052 cusationem.

264 1088 332 1154 Iam
365 1091 544 1170 sequuntur
576 1089 741 1170 exempla,
775 1088 891 1170 quibus
924 1087 1146 1153 demonstrare
1178 1087 1270 1165 volo,
1308 1106 1470 1169 quaenam
1487 1106 1642 1157 oneratione

178 1192 319 1257 rationes
349 1192 436 1274 apud
463 1191 615 1257 Plautum
642 1192 726 1255 inter
755 1210 907 1256 versuum
935 1190 1134 1273 singulorum
1164 1210 1203 1255 ac
1237 1189 1470 1255 sententiarum
1495 1159 1635 1257 rimi&

179 1295 278 1361 finem
300 1294 510 1360 intercedant.
564 1294 717 1361 Ordinavi
739 1284 890 1359 nimirum
913 1294 1060 1376 exempla
1082 1312 1122 1359 eo
1144 1294 1294 1371 consilio,
1327 1297 1364 1358 ut
1386 1312 1469 1375 quae
1493 1273 1628 1359 'ffim

179 1399 366 1482 gravissima
377 1401 493 1480 essent,
506 1418 605 1481 quam
617 1399 757 1464 maxime
768 1403 972 1481 apparerent.
1011 1398 1177 1463 Interdum
1188 1397 1273 1462 idem
1286 1396 1470 1479 exemplum
1494 1366 1640 1472 affila-

178 1502 228 1567 bis
250 1501 351 1569 attuli.
401 1501 438 1566 ln
459 1502 604 1567 versibus
632 1501 768 1566 citandis
797 1521 925 1567 summo
953 1519 1052 1583 opere
1081 1501 1165 1578 cavi,
1197 1519 1239 1564 ne
1267 1499 1344 1581 quid
1373 1499 1469 1563 omit·
1542 1472 1590 1514 ‘¹¹¹²

179 1607 297 1683 terem,
328 1605 418 1686 quod
439 1604 557 1686 aliquid
585 1609 693 1686 posset
716 1604 823 1678 valere
854 1623 928 1668 cum
950 1604 993 1668 ad
1014 1603 1208 1668 sententiam
1229 1606 1300 1667 turn
1322 1602 1364 1668 ad
1386 1601 1471 1667 hauc

179 1707 401 1790 quaestionem
434 1707 697 1790 intellegendam
731 1706 786 1770 ubi
819 1707 915 1789 igitur
949 1726 1060 1785 versus
1093 1726 1159 1770 non
1192 1707 1334 1788 integros
1367 1705 1470 1787 posui,

179 1811 260 1876 scito
282 1815 359 1876 ante
380 1811 481 1876 verba
503 1811 601 1876 citata
620 1815 652 1875 et
671 1814 746 1892 post
767 1810 868 1875 levius
883 1814 939 1876 aut
954 1809 1144 1892 plerumque
1160 1810 1288 1892 gravius
1310 1808 1469 1891 distingui.

147 1950 149 1955 .
179 1915 309 1979 Variam
327 1913 498 1978 lectionem
513 1918 546 1978 et
562 1914 695 1978 nomina
716 1914 857 1978 viromm
880 1913 1049 1978 doctorum
1067 1913 1140 1978 vide
1157 1912 1244 1995 apud
1260 1912 1471 1977 Ritschelium

146 2055 149 2060 ·
179 2018 213 2082 in
234 2020 394 2100 apparatu
416 2017 542 2093 critico;
566 2037 626 2099 ego
644 2017 743 2081 modo
761 2036 800 2081 ea
816 2016 969 2081 consuevi
990 2017 1116 2094 afferre,
1139 2015 1274 2099 quaein
1295 2016 1381 2080 hauc
1402 2034 1471 2079 rem

179 2121 351 2204 pertinent.
408 2120 553 2202 Denique
587 2139 652 2184 non
687 2120 796 2184 omnia
824 2118 944 2202 ubique
979 2118 1127 2201 exempla
1162 2118 1372 2183 exscribenda
1402 2137 1471 2182 esse

179 2224 309 2307 putavi,
342 2223 400 2288 sed
429 2224 551 2288 inuno
582 2242 711 2305 quoque
742 2222 846 2305 capite
875 2222 1047 2300 nonnulla,
1080 2221 1204 2304 reliqua
1225 2241 1302 2286 vero
1330 2221 1471 2286 numeris
1516 2212 1518 2216 '

179 2330 308 2392 tantum
330 2327 433 2392 citatis
454 2327 612 2393 subiunxi.

183 2500 205 2580 Ι.
247 2500 447 2580 lcccsatbd
481 2519 558 2579 cun
594 2499 760 2580 infinitivo
797 2519 888 2600 quae
925 2499 1053 2580 dicitur
1086 2498 1306 2578 constructio
1335 2497 1473 2596 inleqra

389 2623 451 2700 aut
476 2619 619 2700 uerbum
647 2638 779 2718 reeens
798 2619 969 2719 sequitur
995 2621 1057 2698 aut
1083 2617 1273 2698 antecedit

535 2756 574 2819 A.
608 2755 646 2820 in
668 2754 848 2819 versibus
870 2754 1126 2837 longioribus

210 2872 213 2877 '
267 2859 384 2926 Pseud.
412 2859 510 2924 1157:
667 2857 756 2922 vides

526 2961 594 3026 Iam
617 2961 702 3025 diem
725 2961 863 3025 multum
886 2964 978 3026 esse?

267 3067 330 3134 Mil.
354 3066 433 3149 glor.
459 3067 538 3131 177:
695 3065 839 3147 suspicor

564 3168 616 3233 Me
638 3168 768 3251 perisse.

460 3273 540 3337 337:
698 3275 796 3354 atque
817 3291 917 3355 arguo

565 3375 646 3440 Eam
687 3395 739 3439 me
779 3375 895 3440 vidisse
941 3375 1141 3441 osculantem
1181 3375 1233 3439 hic
1275 3374 1359 3439 intus
1400 3392 1474 3439 cum

647 3478 752 3543 alieno
774 3479 852 3546 viro.

446 3583 541 3646 1161:
575 3581 706 3646 Militem
729 3582 834 3664 lepide
857 3585 889 3646 et
912 3582 1015 3647 tacete
1038 3586 1069 3647 et
1091 3583 1179 3646 laute
1201 3581 1393 3645 ludificarier

575 3685 665 3752 leo.
688 3685 723 3754 tss
746 3685 954 3767 Voluptatem
976 3688 1199 3751 mecastor...

190 3790 266 3856 Volo
294 3789 384 3854 initio
413 3788 543 3853 alterius
573 3808 683 3853 versus
710 3789 855 3852 tribuunt
882 3788 1035 3866 ABGD,
1066 3787 1154 3870 quod
1183 3806 1296 3851 verum
1325 3806 1395 3852 esse
1424 3787 1476 3851 vel

183 3892 405 3976 paromoeosis
439 3891 559 3955 indicat
576 3938 580 3947 .
596 3891 634 3958 cf.
669 3910 767 3973 supra
800 3910 872 3973 pag.
904 3892 961 3967 183
999 3890 1155 3972 superiori
1193 3890 1370 3954 adnectunt
1402 3889 1475 3968 FZ,

183 3996 270 4060 unde
285 3995 478 4061 Ritschelius
496 3995 573 4059 olim
596 3996 796 4079 deludificuri
811 3997 880 4059 colo
905 3995 1036 4080 (omisso
1056 3995 1151 4077 toute)
1175 3993 1334 4060 effecerat.
1379 3993 1476 4058 Verbi

161 4106 163 4110 ‘
184 4099 252 4164 colo
275 4098 443 4164 collocatio
462 4088 631 4164 neminem*
643 4098 804 4174 offendat3
828 4097 975 4180 exempla
997 4096 1081 4162 infra
1102 4117 1172 4179 cap.
1192 4095 1308 4175 vlita
1331 4098 1474 4164 afferam.

269 4201 328 4266 His
349 4201 444 4267 liceat
465 4202 639 4284 adiungere
660 4221 771 4265 versus
793 4201 856 4269 Mil.
879 4203 958 4284 glor.
986 4202 1067 4266 1025
1090 4221 1148 4283 sq,
1180 4220 1261 4282 quos
1283 4201 1422 4282 pessime
1443 4201 1477 4264 in

185 4303 348 4369 codicibus
369 4304 498 4369 habitos
520 4306 566 4369 sic
587 4309 690 4382 recte,
714 4308 750 4368 ut
772 4305 914 4381 videtur,
943 4305 1106 4368 constituit
1129 4304 1282 4381 Gertzius‚
1305 4323 1402 4386 quem
1425 4323 1475 4367 se-

184 4409 277 4473 cutus
299 4411 347 4471 est
369 4406 551 4489 Ussingius:

598 4530 663 4592 quo
685 4514 782 4592 pacto
804 4512 867 4575 boc
888 4511 981 4576 Ilium
1005 4511 1114 4576 accedi

444 4613 538 4691 Velis,
561 4614 593 4677 id
615 4614 719 4680 refero
744 4615 786 4678 ad
808 4621 840 4680 te
864 4616 1041 4682 consilium.
