3286 5198
791 68 833 132 52

736 159 890 166 -—

562 276 598 344 B.
633 277 669 340 in
692 275 859 341 senariis
882 274 1070 340 iambicis.

255 398 342 462 Trin.
365 397 481 463 Pseud.
504 397 567 464 Mil.
591 397 670 478 glor.
695 396 859 478 exempla,
891 415 974 478 quae
997 395 1047 458 vel
1074 393 1194 475 aliquid
1216 391 1289 456 miri
1313 392 1475 470 habeant,

171 521 237 565 non
261 501 416 577 offerunt3
451 499 579 564 aliunde
601 498 703 563 addo:

256 622 348 686 Cure.
372 622 451 685 449:
582 620 657 702 quia
680 619 820 684 enimin
843 638 942 683 cavea
963 618 989 682 si
1012 619 1119 683 forent

483 722 666 807 Conclusi1)
691 723 801 787 itidem
823 726 859 786 ut
881 721 959 804 pulli
980 721 1156 803 gallinacei.

256 844 409 909 Videmus
435 843 531 925 igitur
559 843 635 908 talia
662 843 714 907 hic
741 847 838 925 atque
868 842 930 906 illic
959 842 1099 907 admissa
1129 861 1215 917 esse3
1249 861 1336 924 quae
1359 845 1474 906 autem

170 953 244 1014 sunt
273 948 371 1031 paulo
400 947 602 1024 molestiora,
632 952 668 1011 ut
690 948 776 1013 Trin.
812 946 893 1012 1087
924 949 956 1010 et
986 945 1141 1028 imprimis
1165 944 1257 1010 Cure.
1280 946 1364 1023 449,
1395 965 1473 1010 raro
1500 1043 1504 1053 Ι

170 1055 353 1119 occurrunt.

309 1257 343 1327 2.
378 1256 541 1327 Verbum
563 1254 842 1327 substantivum
864 1254 904 1324 in
927 1255 1049 1326 altero
1072 1272 1188 1325 versu
1210 1238 1326 1326 extat

171 1378 274 1443 Minus
305 1378 471 1442 offendent
498 1399 537 1442 ea
559 1378 722 1460 exempla,
751 1378 806 1442 ubi
828 1378 963 1441 verbum
985 1377 1225 1441 substantivum
1246 1396 1314 1441 non
1342 1376 1472 1441 solum

171 1483 364 1547 translatum
387 1486 444 1560 est,
468 1482 525 1547 sed
547 1503 613 1546 una
635 1481 751 1546 saltem
772 1500 836 1545 vox
858 1480 995 1546 additur.

517 1604 557 1667 A.
591 1603 628 1666 in
651 1602 831 1667 versibus
854 1602 1118 1684 longioribus,

258 1724 375 1790 Pseud.
399 1725 477 1789 681:
512 1725 600 1788 Bene
632 1723 688 1787 ubi
721 1723 797 1804 quoi
831 1722 919 1804 quod
952 1723 1070 1787 scimus
1103 1721 1272 1786 consilium
1305 1721 1474 1799 accidisse,

586 1826 753 1890 hominem
776 1830 883 1890 catum

519 1931 602 1995 Eum
624 1949 694 1994 esse
713 1925 926 1994 declaramus.

260 2035 322 2098 Mil.
346 2034 425 2116 glor.
449 2035 527 2098 246:
658 2034 715 2097 sed
737 2033 924 2096 simillumas

570 2137 672 2200 Dicito
697 2156 781 2200 esse:
813 2139 844 2199 et
866 2135 1102 2200 Philocomasio
1126 2186 1134 2201 .
1160 2190 1166 2202 .
1192 2189 1199 2202 .
1244 2125 1247 2130 ⁵

446 2241 525 2305 642:
571 2240 628 2340 yel
652 2240 817 2304 cavillator
839 2240 961 2303 facetus
983 2239 1034 2302 vel
1052 2239 1188 2303 conviva
1209 2239 1405 2303 commodus

569 2343 661 2407 Idem
683 2363 753 2409 ero:
788 2363 893 2424 neque
923 2362 982 2424 ego
1015 2343 1185 2407 oblocutor
1214 2362 1286 2407 sum
1316 2343 1413 2407 alteri
1442 2344 1474 2408 in

685 2447 841 2510 convivio.

264 2549 355 2634 Capt.
380 2552 459 2615 571:
590 2554 649 2614 tun
671 2553 704 2613 te
726 2549 942 2613 Philocratem

484 2637 562 2717 Esse
585 2653 652 2716 ais?

567 2859 603 2921 B.
637 2859 674 2922 in
697 2859 871 2923 senariis
894 2859 1087 2923 iambicis.

263 2979 351 3043 Trin.
374 2978 489 3044 Pseud.
514 2977 576 3041 Mil.
600 2978 678 3058 glor.
711 2979 793 3059 aptis
824 2979 978 3060 exemplis
1009 2984 1135 3055 carent,
1170 3000 1187 3044 e
1215 2980 1328 3044 ceteris
1358 2978 1480 3046 fabulis

183 3083 298 3146 affero:
1402 3064 1406 3070 ⁵

266 3184 360 3266 Capt.
384 3186 441 3249 96:
574 3203 658 3264 quae
680 3183 776 3248 aedes
799 3185 1008 3249 lamentariae

470 3287 546 3351 Mihi
569 3289 654 3365 sunt,
678 3307 759 3368 quas
781 3289 1094 3371 quotiensquomque
1117 3291 1289 3373 conspici0,
1313 3291 1388 3356 fleo.

266 3391 362 3456 Truc.
384 3391 464 3455 432:
594 3394 640 3467 ut,
665 3391 795 3472 quando
819 3393 920 3456 otium

491 3495 563 3558 Tibi
585 3498 636 3571 sit,
660 3494 776 3558 adme
799 3496 927 3562 revisas.

266 3598 365 3662 Stich.
393 3599 467 3663 168:
502 3599 613 3663 Solere
637 3597 845 3679 elephantum
867 3598 1032 3679 gravidam
1055 3604 1231 3683 perpetuos
1254 3600 1367 3665 decem

503 3703 580 3766 Esse
603 3706 720 3765 trnnos:
752 3701 818 3765 eius
841 3721 880 3764 ex
903 3702 1025 3765 semine
1046 3702 1127 3766 haec
1150 3707 1269 3768 certost
1291 3704 1403 3771 fames,

266 3804 358 3868 Talia
379 3805 474 3885 igitur
497 3805 654 3886 exempla,
679 3804 734 3867 ubi
756 3824 822 3867 una
845 3824 919 3868 curn
940 3806 1041 3870 verbo
1065 3807 1266 3871 substantivo
1290 3808 1353 3872 alia
1375 3827 1481 3890 quae-

180 3907 258 3971 libet
286 3927 350 3970 vox
378 3908 410 3970 in
439 3908 576 3972 alterum
605 3928 734 3972 versum
764 3908 969 3986 transfertur,
1001 3909 1078 3972 nihil
1108 3910 1231 3974 habent
1260 3911 1346 3987 miri,
1376 3912 1481 3976 modo

179 4014 349 4074 teneamus
370 4030 507 4092 pausam
529 4013 562 4074 in
584 4011 688 4092 prima
711 4015 803 4091 parte
826 4031 936 4075 versus
961 4032 1030 4075 esse
1052 4012 1146 4076 valde
1169 4017 1345 4095 acceptam.

267 4112 368 4177 Multo
398 4114 503 4178 minus
533 4115 666 4179 ferenda
695 4118 804 4178 autem
834 4115 901 4178 visa
930 4119 1005 4179 sunt
1034 4116 1108 4180 viris
1132 4117 1234 4180 doctis
1257 4136 1296 4179 ea
1319 4118 1480 4199 exempla,

181 4216 237 4280 ubi
259 4217 363 4280 solum
384 4216 520 4280 verbum
543 4217 779 4281 substantivum
803 4238 820 4280 e
842 4238 900 4281 sua
922 4219 1081 4282 sententia
1104 4220 1272 4301 demptum
1293 4221 1326 4284 in
1349 4220 1481 4285 alterius

181 4339 292 4383 versus
320 4320 445 4384 initium
474 4320 673 4386 transfertur.
726 4322 881 4403 Exempla
915 4321 1008 4386 huius
1038 4322 1098 4399 rei,
1138 4342 1221 4404 quae
1259 4343 1298 4387 ex
1328 4324 1481 4389 omnibus

272 4523 291 4590 ¹)
319 4524 507 4578 Fleckeisenus
525 4525 615 4579 hiatus
633 4527 694 4580 evit.
714 4543 797 4580 causa
814 4530 858 4581 illi
874 4528 975 4583 inserit.
