3286 5198
815 124 986 221 Aa.-.

242 332 307 397 alia
333 331 439 396 forma
466 329 529 395 alia
553 349 695 412 persona
724 329 904 394 orationem
935 329 1016 392 illius
1045 328 1172 411 exeipit.
1217 328 1289 407 Qua
1311 329 1401 393 inre
1425 328 1549 393 obser·

242 435 386 500 vandum
414 437 477 512 est,
505 433 539 497 id
566 433 653 515 quod
683 433 780 498 etiam
810 431 886 497 alibi
907 432 994 514 apud
1016 435 1131 514 poetas
1158 435 1256 514 atque
1278 432 1365 515 apud
1387 431 1550 496 Plautum

243 538 428 622 saepissime
456 535 538 602 solet
568 536 650 601 fieri:
680 536 736 601 ubi
763 536 857 601 unius
886 536 974 601 vocis
1002 535 1184 618 complures
1213 536 1336 600 formae
1367 534 1550 599 continuae

244 644 368 718 extant,
402 658 468 705 una
501 657 574 703 cum
607 639 712 703 forma
746 639 840 703 etiarn
869 658 1022 704 numeros
1044 657 1082 702 ao
1111 637 1409 720 pronuntiationem
1435 636 1550 701 solere

242 743 366 810 variari.
408 742 481 807 Hoc
508 743 607 807 modo
631 761 697 807 non
720 742 825 807 solum
847 743 1068 825 paromoeosis
1091 742 1168 807 satis
1198 741 1312 806 efficax
1338 741 1452 818 existit,
1482 739 1550 804 sed

243 848 341 913 etiam
355 850 426 913 tota
442 846 602 911 sententia
618 846 734 910 miram
754 846 918 928 quandam
935 846 1000 910 vim
1015 846 1269 928 gravitatemque
1288 843 1412 926 accipit.
1444 843 1550 907 Extat

244 951 335 1016 verbi
357 950 459 1033 gratia
471 948 496 1034 ¹)
520 949 583 1015 Mil.
607 949 685 1031 glor.
709 949 788 1014 553:

398 1053 438 1117 Et
459 1055 512 1116 me
535 1051 675 1133 despexe
697 1052 742 1117 ad
762 1056 795 1117 te
817 1071 876 1134 per
897 1051 1076 1133 inpluvium
1097 1055 1190 1116 tuom

398 1156 556 1221 Pateor.
581 1154 615 1224 iss
638 1155 722 1234 Quid
745 1155 778 1218 ni
800 1154 958 1219 fateare
981 1157 1110 1237 egomet
1132 1154 1220 1237 quod
1242 1153 1400 1219 viderim?

329 1257 392 1325 Mil.
416 1258 494 1341 glor.
518 1259 599 1323 555:
634 1258 672 1322 Et
687 1259 732 1323 ibi
749 1258 946 1323 osculantem
963 1277 1073 1322 meum
1083 1257 1244 1339 hospitem
1257 1276 1331 1321 cum
1339 1257 1400 1322 ista
1410 1257 1549 1339 hospita

631 1361 806 1426 Vidisti?
836 1359 871 1430 ssl
901 1361 1005 1426 Vidi:
1034 1381 1091 1426 cur
1117 1380 1231 1443 negem
1263 1362 1350 1443 quod
1381 1360 1549 1425 viderim?

328 1463 444 1530 Bacch.
469 1465 547 1529 889:
581 1465 744 1529 Ducentos
766 1483 917 1529 nummos
939 1484 1056 1529 aureos
1078 1464 1242 1547 Philippos
1264 1464 1386 1547 probos

580 1567 737 1631 Dabin?
759 1565 794 1635 iss
815 1567 1029 1631 Dabuntur
1050 1568 1162 1650 inque:
1185 1567 1355 1649 responde.
1379 1564 1414 1635 ssl
1434 1566 1548 1632 Dabo,

329 1687 430 1752 Venio
452 1707 540 1753 nunc
562 1687 605 1752 ad
631 1708 687 1753 eos
710 1688 815 1770 locos,
844 1687 960 1769 quibus
982 1688 1158 1754 illustratur
1179 1688 1318 1753 sensui
1340 1687 1373 1750 in
1395 1685 1549 1752 versibus

243 1790 452 1856 discribendis
475 1791 675 1874 aliquantam
698 1791 858 1856 rationem
881 1811 950 1856 esse
973 1791 1127 1859 habitam.
1162 1790 1263 1855 Huius
1285 1790 1332 1855 rei
1354 1788 1469 1855 nobilis
1494 1794 1550 1857 est

243 1897 357 1959 auctor
378 1895 560 1959 Donatus
582 1895 624 1959 ad
646 1895 720 1960 Ter.
743 1894 844 1961 Andr.
868 1895 919 1972 IV,
944 1897 974 1972 3,
999 1896 1111 1976 bsqq,
1134 1894 1189 1958 ubi
1212 1898 1275 1959 est:

396 2014 568 2079 Summum
590 2015 714 2079 bonurn
737 2035 806 2080 esse
830 2036 905 2080 erae
929 2016 1038 2097 putavi
1059 2016 1146 2080 hunc
1168 2014 1383 2098 Pamphilum,

395 2117 554 2196 Amicum,
578 2122 768 2197 amatorem,
792 2119 896 2184 virum
919 2120 949 2182 in
974 2119 1088 2202 quovis
1110 2119 1182 2184 loco

395 2221 568 2285 Paratum:
602 2241 715 2286 verum
737 2242 777 2287 ex
799 2242 838 2287 eo
860 2242 947 2287 nunc
968 2223 1086 2287 misera
1108 2241 1205 2304 quern
1228 2222 1313 2304 capit

394 2324 608 2389 Laborem!
642 2324 734 2389 facile
755 2324 822 2390 hic
844 2326 916 2407 plus
938 2325 1045 2389 rnalist
1067 2346 1166 2409 quam
1187 2325 1249 2390 illic
1271 2326 1358 2391 boni.

243 2443 390 2508 Adnotat
423 2444 510 2509 enim
543 2445 682 2510 dolorem
716 2444 814 2530 (legez
843 2446 993 2530 laborem)
1028 2447 1143 2511 citans:
1181 2445 1353 2525 „Dolorem
1382 2445 1547 2528 distingue

244 2547 347 2629 probe
370 2551 498 2631 etpost
524 2548 631 2612 intulit
661 2549 851 2632 separatim,
882 2549 970 2631 quod
992 2550 1136 2631 sequitur
1165 2548 1338 2633 fociledio
1366 2550 1438 2634 plus
1463 2551 1548 2615 moli

245 2659 299 2731 est,
322 2651 356 2714 in
378 2650 490 2716 dolore
513 2651 632 2716 scilieet
654 2656 686 2716 et
708 2656 798 2716 metu
820 2653 988 2717 amittendi
1011 2675 1105 2738 quoin
1126 2655 1191 2718 illio
1214 2653 1296 2733 doni,
1320 2653 1352 2717 in
1374 2653 1545 2719 voluntate

243 2753 430 2820 retinendi.“
478 2754 532 2818 Sic
553 2753 695 2819 Klotzius
718 2754 770 2819 ille
794 2755 925 2837 quidem
946 2756 1066 2821 Donati
1088 2756 1187 2820 verba
1209 2756 1324 2831 edidit3
1354 2775 1544 2838 quanquam

243 2857 361 2921 rectius
383 2857 532 2921 scribitur
554 2858 732 2922 secundum
750 2857 1045 2940 Umpienbachium
1064 2858 1214 2923 Dolorem
1234 2860 1381 2924 distinxit
1399 2860 1546 2944 Probus,·

244 2969 272 3025 ct
288 2969 363 3044 port
385 2969 458 3042 etc.;
480 2980 557 3024 narn
579 2959 729 3024 Probus
750 2962 847 3025 etiam
864 2962 946 3046 alibi·
958 2963 991 3026 in
1007 2963 1210 3029 distinctione
1228 2968 1341 3030 auctor
1359 2964 1544 3042 adhibetur,

243 3066 280 3127 ut
301 3063 344 3127 ad
366 3062 445 3128 Eun.
470 3063 493 3140 l,
518 3065 543 3141 l,
564 3064 590 3129 1.

330 3181 404 3247 Alia
433 3182 593 3264 quaedam
623 3201 740 3265 eaque,
769 3187 805 3248 ut
832 3204 944 3266 spero,
974 3187 1136 3268 apertiora
1164 3190 1311 3269 exempla
1339 3209 1357 3252 e
1386 3188 1544 3254 Plautinis

244 3284 360 3349 fabulis
382 3284 476 3349 liceat
493 3285 625 3362 afferre3
649 3304 788 3366 quorum
805 3287 924 3352 scilicet
946 3308 985 3352 ea
1001 3294 1118 3355 natura
1136 3295 1194 3368 est,
1217 3292 1302 3355 utin
1319 3293 1544 3374 insequentem

244 3408 373 3454 versum
395 3408 461 3452 una
486 3408 551 3453 vox
580 3392 738 3468 transeat,
767 3395 940 3474 propterea
971 3393 1047 3474 quia
1074 3393 1116 3458 ad
1143 3393 1226 3458 hane
1256 3415 1355 3459 unam
1382 3395 1545 3461 sententia

245 3492 384 3573 proximi
406 3512 518 3557 versus
541 3493 729 3557 relationem
753 3494 861 3561 habet.

333 3611 425 3693 Capt.
452 3614 528 3677 159:
559 3605 665 3677 Multis
689 3618 721 3678 et
743 3615 1004 3697 multigeneribus
1028 3636 1110 3698 opus
1133 3618 1260 3682 esttibi

555 3716 772 3783 Militibus:
795 3718 1016 3801 primumdum
1039 3739 1121 3800 opus
1144 3724 1192 3785 est
1213 3720 1543 3801 Pistorensibus,
1589 3759 1595 3769 ·

243 3818 299 3883 ubi
321 3819 472 3884 militibus
494 3819 537 3884 ad
559 3839 673 3885 vocem
696 3821 928 3887 Pistorensibus
959 3822 1218 3888 subaudiendum
1252 3844 1322 3889 esse
1350 3825 1402 3889 vel
1424 3846 1453 3892 r.
1481 3826 1546 3891 164

245 3921 448 4003 comprobat,
471 3923 527 3986 ubi
549 3923 679 4005 legitur:

478 4026 545 4090 lam
568 4027 732 4091 maritumi
754 4047 867 4092 omnes
889 4028 1006 4093 milites
1028 4048 1110 4110 opus
1133 4034 1207 4094 sunt
1229 4031 1296 4096 tibi.

332 4143 424 4226 Capt.
449 4147 522 4210 609.
670 4147 757 4213 Tace
780 4149 895 4214 modo:
931 4169 991 4232 ego
1014 4154 1056 4227 te,
1079 4150 1275 4216 Philocrates

565 4249 695 4328 Ftlse,
719 4251 835 4317 faciam
857 4257 893 4317 ut
920 4273 1036 4318 verus
1058 4254 1155 4318 hodie
1178 4255 1338 4337 reperiare
1362 4256 1543 4338 Tyndarus.

334 4500 354 4570 l)
380 4503 456 4557 Idem
473 4504 601 4560 nimirum
619 4507 700 4561 etiam
718 4509 826 4577 saepius
844 4510 874 4564 fit
892 4512 1026 4566 sententia
1043 4528 1138 4567 versus
1156 4513 1210 4567 fine
1232 4530 1288 4567 non
1302 4514 1451 4584 interrupta
1468 4518 1545 4574 velut

245 4588 346 4642 Bacch.
365 4590 425 4644 adl.
442 4591 501 4645 loa.
522 4592 579 4646 727.
600 4593 672 4647 alibi.
