3286 5198
736 156 890 252 „li-3--

254 360 370 424 Bacch.
393 362 473 426 879:
505 360 589 438 Quid
622 361 681 425 fit?
721 361 755 429 lss
788 362 940 426 Ducentis
973 362 1129 443 Philippis
1168 382 1238 426 rem
1275 362 1392 445 pepigi.
1425 361 1460 431 lss

607 464 660 528 Ah
673 464 707 547 ¹),
730 464 817 529 salus

499 567 581 646 Mea,
604 568 769 632 servavisti
791 588 853 631 me.

253 669 358 734 Plauti
380 668 508 754 lrgm.²)
533 691 563 736 v.
586 671 663 735 roa:
697 671 804 735 immo
827 670 876 747 id,
907 671 996 752 quod
1025 675 1167 736 nostrast
1193 673 1273 737 haec
1300 674 1405 755 patria
1427 676 1460 738 et

788 775 876 858 quod
898 774 949 838 hic
971 795 1064 839 meus

698 876 804 955 Pater,
826 878 887 943 illic
910 882 1020 943 autem
1042 878 1198 944 Soterinis
1221 882 1270 943 est
1291 883 1392 962 pater.

166 980 219 1044 Sic
242 981 388 1060 proxime
418 981 459 1043 ab
482 980 571 1043 libris
592 1000 703 1045 versus
726 981 969 1045 constituendos
992 1001 1061 1045 esse
1083 981 1262 1063 suspicatur
1284 981 1458 1059 Winterus,

169 1082 257 1163 quod
280 1082 387 1146 lauda.
401 1121 440 1130 -
455 1083 577 1147 Contra
598 1083 692 1148 valde
713 1084 834 1162 dubito,
858 1104 937 1148 num
958 1084 1060 1149 Poen.
1075 1085 1135 1149 163
1147 1105 1194 1166 sq.
1218 1085 1260 1148 ab
1283 1085 1459 1149 editoribus

168 1184 312 1267 (Goetzio
336 1189 369 1249 et
390 1187 532 1270 Loewio)
556 1191 643 1250 recte
665 1207 776 1251 versus
799 1188 963 1251 constituti
984 1188 1047 1251 sint
1069 1187 1166 1252 tales:

322 1288 440 1353 locare.
465 1293 496 1354 a
520 1290 580 1353 Vin
602 1293 638 1353 tu
660 1290 746 1353 illam
769 1290 866 1354 hodie
887 1291 956 1354 sine
978 1290 1147 1372 dispendio

320 1391 392 1455 Tuo
415 1395 507 1457 tuam
527 1392 677 1456 libertam
699 1392 826 1456 facere?

165 1495 220 1558 ubi
243 1495 336 1558 codd.
359 1495 498 1560 hahent:
532 1499 601 1560 sine
618 1497 733 1561 domno
757 1504 785 1560 et
807 1497 971 1580 dispendio
994 1504 1047 1561 tuo
1071 1497 1156 1578 (Tuo
1180 1497 1239 1580 B);
1273 1516 1351 1561 narn
1380 1517 1457 1560 nus·

166 1616 281 1678 quarn,
320 1599 409 1679 quod
438 1600 555 1675 sciam,
589 1598 677 1680 apud
706 1599 858 1663 Plautum
886 1619 979 1681 pron.
1010 1619 1094 1681 pers.
1124 1599 1333 1676 transfertur,
1368 1601 1394 1663 si
1424 1600 1457 1662 in

166 1700 295 1765 alterius
317 1721 428 1765 versus
449 1702 540 1765 initio
563 1701 650 1765 idern
671 1721 853 1783 pronomen
876 1701 968 1765 redit.

251 1804 322 1869 Hoc
351 1808 460 1870 autem
491 1804 640 1885 exemplo
671 1804 798 1868 sublato
827 1824 999 1885 possumus
1027 1805 1221 1868 constituere
1243 1804 1395 1869 Plautum
1424 1807 1456 1870 in

165 1907 298 1971 vocibus
319 1930 404 1972 meas
431 1917 504 1972 tous
525 1930 600 1972 sous
630 1927 689 1988 per
710 1927 820 1971 versus
849 1907 948 1971 finem
970 1926 991 1970 a
1012 1907 1157 1988 positivis
1179 1908 1367 1989 separandis
1390 1910 1457 1974 fere

165 2010 291 2091 quidvis
312 2011 372 2074 sibi
393 2010 570 2075 indulsisse.
615 2012 723 2091 Atque
739 2010 802 2074 hoc
823 2030 902 2074 sane
918 2010 1101 2074 mirandum
1125 2015 1187 2086 est3
1210 2031 1298 2088 nam,
1320 2016 1357 2077 ut
1375 2012 1458 2079 infra

163 2112 358 2190 videbimus,
383 2115 414 2177 in
437 2113 565 2196 reliquis
588 2113 751 2179 adiectivis
769 2114 973 2195 seiungendis
996 2115 1055 2178 luit
1078 2115 1289 2180 cautissimus.
1336 2117 1457 2182 Causas

164 2216 260 2297 igitur
288 2216 382 2280 huius
413 2217 459 2281 rei
488 2217 656 2298 quaerenti
685 2217 763 2280 mihi
784 2217 911 2281 videtur
937 2218 1078 2298 primum
1105 2237 1277 2300 apparere,
1309 2239 1381 2283 earn
1403 2240 1456 2284 ra-

164 2320 287 2382 tionem
309 2338 376 2383 non
398 2319 555 2396 sufficere,
579 2340 643 2401 qua
665 2320 714 2384 usi
737 2339 836 2400 supra
858 2320 902 2402 (p.
925 2321 963 2383 13
983 2323 1014 2383 et
1032 2321 1088 2403 45)
1111 2320 1199 2398 illud,
1222 2321 1311 2403 quod
1333 2322 1458 2386 formae

162 2421 241 2485 milri
262 2423 319 2486 tibi
339 2423 400 2487 sibi
420 2426 488 2486 tam
510 2442 608 2504 saepe
630 2423 779 2487 ultimum
800 2443 911 2486 versus
933 2422 1051 2504 pedem
1074 2423 1232 2502 efficiunt,
1264 2445 1282 2488 e
1304 2426 1457 2506 prosodia

164 2543 278 2589 eorum
300 2525 533 2591 vocabulorum
555 2526 697 2607 pendere
720 2526 951 2589 constituimus.
996 2525 1081 2589 Nam
1104 2546 1143 2590 ex
1166 2527 1320 2608 exemplis
1343 2527 1457 2607 elucet,

165 2631 197 2691 et
219 2628 253 2691 in
275 2629 339 2692 fine
355 2649 467 2693 versus
482 2629 701 2693 antecedentis
725 2633 757 2692 et
779 2632 865 2692 certe
888 2647 954 2692 non
976 2629 1079 2692 rarius
1094 2630 1127 2692 in
1149 2630 1239 2694 initio
1261 2631 1458 2712 insequentis

163 2752 275 2797 versus
302 2733 497 2814 pronomina
519 2754 604 2796 cirrus
625 2741 697 2796 toas
719 2754 795 2796 sarrs
813 2736 932 2796 extare.
977 2732 1088 2796 Potius
1110 2733 1169 2810 sic,
1201 2734 1332 2815 opinor,
1356 2734 1456 2797 ratio·

164 2836 337 2900 cinandum
368 2841 424 2906 est.
467 2836 623 2900 Emultis
653 2855 782 2912 eorum,
818 2855 900 2916 quae
922 2836 1103 2916 posuimus,
1135 2837 1288 2917 exemplis
1321 2840 1458 2918 apparet

163 2960 248 3004 meaa
270 2947 342 3004 tace
363 2961 439 3004 suas
465 2958 620 3021 persaepe
643 2939 685 3003 ad
712 2958 839 3002 sensum
868 2938 935 3002 fere
962 2937 1039 3001 nihil
1062 2939 1178 3003 valere.
1229 2938 1324 3002 Velut
1346 2940 1379 3003 in
1400 2938 1457 3002 tali

163 3042 312 3124 exemplo
337 3043 442 3127 (Most.
466 3043 560 3126 997):

293 3182 298 3189 -
474 3165 551 3209 nam
574 3165 695 3222 eccum,
718 3146 805 3208 unde
828 3145 916 3209 aedis
939 3145 1022 3209 filius

318 3248 408 3312 Meus
431 3250 508 3313 emit
531 3249 583 3334 (cf.
607 3249 649 3312 ib.
674 3250 736 3312 637
760 3252 792 3312 et
816 3248 908 3330 Capt.
934 3249 1008 3332 140)

162 3373 248 3417 merca
277 3370 376 3433 quarn
405 3352 572 3415 minimam
595 3353 660 3416 vim
688 3351 808 3415 hahere
836 3372 933 3416 nemo
964 3372 1030 3416 non
1051 3352 1148 3418 videt.
1199 3353 1251 3418 Ad
1278 3353 1341 3417 hoe
1363 3374 1455 3435 argu-

161 3459 308 3520 mentum
337 3474 355 3518 e
382 3475 478 3518 sensu
507 3456 680 3536 repetitum
709 3456 834 3519 aceedit
860 3476 939 3520 sane
969 3456 1047 3520 illud
1077 3457 1213 3520 alterum
1244 3458 1287 3522 ad
1318 3458 1455 3521 formam

162 3558 340 3640 pertinens:
364 3558 488 3621 formae
510 3559 624 3622 horum
648 3560 876 3640 pronominum
894 3560 999 3623 solent
1021 3563 1077 3623 aut
1098 3559 1314 3642 pyrrhichium
1337 3561 1456 3643 pedem

162 3665 219 3726 aut
246 3661 391 3725 iambum
422 3661 563 3737 efficerer
601 3663 626 3725 si
663 3666 774 3726 autem
802 3662 834 3725 in
867 3663 956 3726 initio
983 3682 1094 3726 versus
1128 3666 1254 3739 extant,
1283 3662 1360 3726 nihil
1388 3663 1455 3727 fere

161 3764 295 3828 interest
316 3765 399 3828 inter
420 3764 639 3846 pyrrhichium
660 3785 771 3829 verum
802 3769 834 3829 et
856 3766 954 3829 talem
977 3765 1121 3829 iambum
1146 3803 1186 3811 —
1209 3766 1264 3846 qui
1286 3770 1455 3847 praeterea

161 3886 260 3948 saepe
283 3867 411 3930 eliditur
428 3890 484 3930 -ε
508 3867 539 3930 in
563 3869 825 3949 pronuntiatione
842 3868 938 3949 igitur
953 3868 1070 3931 horum
1086 3868 1316 3949 pronominum
1331 3868 1455 3933 formae

162 3971 330 4035 minimam
351 3971 439 4034 vocis
456 3971 522 4034 vim
545 3972 715 4053 accipiunt,
739 3973 771 4036 in
794 3973 926 4036 senariis
946 3973 1063 4054 quique
1079 3975 1154 4036 sunt
1173 3971 1285 4053 reliqui
1305 3971 1453 4056 versus3)

163 4074 219 4156 qui
240 4093 260 4138 a
281 4073 364 4138 thesi
386 4074 552 4156 incipiunt,
576 4095 708 4156 prorsus
731 4076 937 4140 devorantur.

250 4194 270 4260 ¹)
292 4197 351 4247 Vah
369 4200 396 4249 et
413 4200 528 4249 servasti
545 4195 618 4258 libri;
639 4212 706 4249 corr.
728 4197 852 4250 Bothius.

250 4278 271 4341 2)
289 4281 330 4334 Ex
348 4282 388 4335 ed.
407 4281 526 4334 Winteri.

248 4364 271 4433 3)
289 4366 368 4420 Velut
385 4367 413 4420 in
431 4367 536 4420 cantico
555 4367 811 4435 baccheo-iambioo,
831 4369 904 4438 quod
922 4372 996 4421 extat
1013 4367 1091 4425 Most.
1110 4368 1144 4421 85
1157 4385 1216 4436 sqq.
1235 4367 1363 4435 scriptum
1382 4366 1454 4420 vide

161 4468 224 4506 mus
241 4468 322 4506 versu
339 4454 372 4506 97
391 4469 431 4520 sq·
490 4522 546 4588 Ego
565 4524 624 4575 esse
643 4526 762 4586 autumo,
783 4523 893 4590 quando
913 4522 985 4576 dicto
1003 4522 1117 4576 audietis

489 4591 556 4655 Mea,
576 4591 649 4644 haud
668 4591 745 4644 aliter
762 4591 789 4645 id
808 4591 909 4645 dicetis,

161 4676 210 4731 ubi
225 4678 297 4745 Meo,
316 4677 397 4730 dliter
413 4679 469 4729 hoc
487 4679 580 4730 dicetis
597 4677 759 4730 Ritsohelius
776 4678 847 4730 iusto
865 4676 996 4730 licentius.
