3286 5198
753 137 906 233 “2⁶-

365 348 444 415 nrm
480 344 604 411 bennun
627 341 682 409 tibi
705 361 764 423 ego
787 341 850 405 hoc
872 341 954 419 dico,
977 362 1019 407 ne
1042 343 1094 407 ille
1117 346 1210 408 exte
1233 344 1312 408 sciat

479 446 564 515 Nero
586 445 665 512 tillus
688 445 867 527 quisquam.

366 572 440 637 tole
476 565 568 653 :lprnl
591 565 762 649 pertitores
784 582 839 628 eas
861 565 1038 646 resignatas
1061 565 1121 630 sibi

482 670 706 755 inspectasque
729 686 809 733 esse.

273 794 353 861 Mon.
378 796 433 859 tlrlr
470 788 550 856 Nnnr
574 786 641 875 lilii]
664 788 726 852 illic
747 787 847 852 homo
869 788 1017 853 homines
1038 808 1107 853 non
1129 790 1200 867 alit,
1223 810 1336 855 verum
1359 790 1486 855 educat:

469 892 681 975 llacreetque:
712 890 818 955 nullus
840 891 954 955 melius
976 893 1168 956 medicinam
1190 893 1274 961 facit.

350 1016 428 1083 ellel:
558 1012 583 1076 si
607 1031 666 1094 ego
688 1011 747 1075 tibi
769 1010 854 1075 banc
874 1011 970 1075 bodie
993 1013 1096 1093 probe

467 1114 649 1199 Lepideque
672 1115 897 1179 concinnatam
920 1114 1058 1179 referam
1079 1115 1237 1196 temperi?

271 1241 357 1305 linae
380 1238 445 1303 loro
473 1235 620 1318 exempla
650 1235 802 1313 doceant,
832 1235 909 1316 quid
935 1235 969 1299 in
998 1236 1060 1299 hac
1088 1255 1123 1299 re
1145 1235 1277 1301 Plautus
1299 1238 1470 1306 admiserit.

183 1343 334 1408 videmus
363 1341 460 1407 etiam
488 1339 564 1404 talia
584 1338 743 1402 vocabula
766 1377 807 1388 -
829 1339 896 1403 sive
917 1339 1118 1403 substantiva
1143 1339 1210 1403 sive
1234 1340 1391 1406 adjectiva
1414 1341 1470 1406 ad·

181 1446 354 1528 verbiaque
376 1443 442 1509 sive
464 1442 561 1507 etiarn
582 1441 683 1505 verba
705 1479 760 1520 -‚
789 1462 872 1524 quae
894 1441 994 1506 artius
1015 1441 1187 1506 cohaerere
1209 1443 1396 1525 suspiceriS‚
1422 1445 1472 1508 vel

180 1567 275 1612 versu
304 1548 434 1612 iubente
464 1546 512 1630 (ut
541 1545 685 1629 Iuppiter
712 1546 804 1630 dique
826 1567 853 1610 ο.
871 1545 921 1630 p.)
950 1544 1002 1608 vel
1030 1544 1131 1609 libero
1162 1545 1293 1610 arbitrio
1323 1547 1471 1612 Plautum

180 1671 292 1715 uersus
314 1651 377 1715 fine
400 1648 548 1714 dirimere
569 1667 636 1711 non
659 1647 832 1712 dubitasse.
866 1647 983 1711 Moneo
1005 1647 1069 1711 hoc
1090 1651 1227 1725 tantum,
1250 1649 1415 1732 asyndeta‚
1437 1654 1472 1714 ut

178 1757 433 1818 consentaneum
455 1755 503 1816 est
526 1751 616 1835 (nam
634 1770 672 1814 eo
690 1751 772 1832 ipsu,
796 1750 883 1832 quod
899 1754 968 1814 arte
984 1750 1192 1829 collocantur,
1211 1752 1471 1818 coniunctionum

179 1874 246 1937 ope
267 1859 403 1938 possunt
426 1855 547 1940 carere)
571 1872 638 1917 non
660 1854 752 1918 facile
775 1853 925 1918 dissecari
948 1855 995 1939 (ut
1017 1854 1080 1920 Mil.
1105 1853 1183 1935 glor.
1208 1854 1294 1939 690).

215 2164 272 2244 ΧΙ.
313 2165 443 2245 Nomen
472 2165 648 2265 proprium
676 2185 700 2244 a
726 2184 793 2244 suo
822 2166 960 2245 nornine
987 2167 1202 2266 appellativo
1230 2167 1438 2266 seinnnltur.

524 2319 563 2381 A.
597 2318 638 2382 in
659 2318 843 2382 versibus
865 2318 1127 2401 longioribus.

264 2436 352 2505 Trin.
377 2439 454 2505 602:
584 2443 732 2502 nostrum
755 2440 864 2503 erilem
887 2439 988 2503 filium

472 2543 685 2607 Lesbonicum
707 2561 800 2606 suam
823 2561 969 2606 sororem
995 2543 1213 2625 despondisse.

369 2664 447 2728 894:
476 2663 573 2728 Peter
594 2662 685 2727 istius
706 2662 919 2726 adulescentis
942 2662 1030 2726 dedit
1052 2661 1112 2726 bas
1134 2662 1214 2726 duas
1242 2646 1287 2728 mi
1309 2665 1476 2747 epistulas

477 2766 659 2830 Lesbonici:
688 2767 715 2830 is
737 2765 781 2828 mi
804 2767 852 2829 est
874 2765 1005 2830 amicus,

264 2882 380 2950 Pseud.
404 2887 483 2950 626:
614 2887 668 2967 qui
690 2906 741 2949 res
763 2886 968 2967 rationesque
992 2886 1037 2950 eri

509 2989 662 3052 Bellionis
684 3009 771 3052 curo.

403 3110 481 3173 678:
511 3107 649 3173 Centum
671 3108 804 3173 doctum
824 3108 994 3173 hominum
1012 3110 1141 3175 consilia
1164 3111 1234 3175 sola
1255 3112 1336 3176 haec
1359 3111 1477 3178 devin-

576 3213 617 3276 cit
640 3213 710 3289 dea,

504 3317 657 3380 Fertuna.
681 3318 778 3397 atque
801 3316 863 3379 boc
884 3320 1037 3382 verumst.

384 3437 481 3501 1197:
613 3437 707 3518 proin
730 3439 765 3499 tu
788 3435 947 3500 Pseudolo

504 3539 641 3603 Nuntios
656 3538 828 3602 abduxisse
844 3538 942 3602 alium
958 3539 1114 3622 praedam
1129 3543 1184 3623 qui
1196 3542 1334 3606 occurrit
1345 3542 1437 3624 prior
1449 3543 1475 3629 Ι)

506 3643 647 3724 Herpax.
670 3644 705 3712 iss
727 3644 757 3707 Is
780 3643 910 3724 quidem
933 3643 1049 3725 edepol
1072 3645 1203 3728 Harpax
1227 3665 1287 3727 ego
1309 3665 1391 3710 sum.

264 3760 326 3830 llil.
350 3764 428 3846 glor.
452 3765 533 3829 416:
568 3764 656 3827 Haec
677 3764 805 3840 melier,
836 3782 920 3845 quae
942 3763 1016 3827 hinc
1038 3765 1103 3828 exit
1123 3765 1241 3844 modo,
1273 3769 1364 3830 estne
1386 3766 1475 3832 erilis

644 3867 825 3931 concubina

568 3969 838 4034 Philocdmasium
860 3990 902 4033 an
924 3990 991 4034 non
1014 3974 1062 4034 est
1085 3973 1144 4035 ea?

261 4088 358 4155 Truc.
384 4093 458 4156 130:
492 4092 549 4156 Dic
572 4095 636 4172 que
659 4091 718 4155 iter
740 4092 905 4173 inceptas?
938 4090 1009 4172 quis
1032 4095 1094 4169 est,
1127 4111 1223 4173 quem
1252 4092 1406 4157 arcessis?
1437 4094 1473 4162 lss

590 4194 785 4258 Archilinem

494 4299 705 4361 Tonstricem.
731 4303 760 4362 sst
784 4296 869 4361 Mala
891 4301 927 4360 tu
950 4295 1103 4363 femina's

264 4512 287 4585 ι)
313 4516 346 4572 In
364 4520 418 4575 fine
436 4536 529 4575 versus
547 4538 603 4575 non
623 4521 842 4589 distinguendum
859 4526 900 4574 est
916 4519 1081 4588 (Ussingium
1096 4521 1218 4588 sequor);
1237 4538 1287 4587 pro
1306 4522 1471 4590 appellativo

170 4580 229 4659 *boe
244 4594 307 4657 loeo
326 4619 478 4671 pronomen
496 4612 544 4676 qui
561 4607 653 4672 habes,
672 4623 791 4674 quocum
810 4606 1030 4675 coniungendum
1048 4611 1089 4660 est
1106 4609 1235 4676 Harpax.
