3286 5198
767 100 920 196 Α

198 310 447 387 severissimam,
471 308 608 372 alteram
627 309 824 372 Graecorum
845 307 1053 370 liberrimam.
1100 306 1186 385 Quid
1208 306 1304 386 igitur
1325 305 1369 369 illi
1391 304 1490 387 prisci

199 413 346 489 scaenici,
363 412 470 476 Livius
486 411 702 488 Andronicus,
717 409 868 488 Naevius,
884 410 1019 475 Plautus
1036 410 1200 475 facerent?
1233 409 1320 473 Num
1337 427 1489 490 asperam

199 536 237 580 ac
259 535 406 580 severam
434 519 539 579 artem
561 514 787 578 Satumiorum
813 513 1009 578 retinerent?
1059 513 1203 587 Minime3
1232 532 1307 576 nam
1335 510 1489 575 abhorret

199 640 219 683 a
242 619 389 683 scaenico
422 637 573 681 sermone
603 637 642 680 ac
670 616 753 680 stilo.
804 616 856 680 An
883 616 1024 698 liquidae
1053 621 1085 680 et
1107 615 1239 681 volubili
1262 615 1404 681 Graecae
1427 614 1489 678 arti

199 743 271 787 sese
293 721 501 785 addicerent?
545 720 692 795 Minime,
721 739 798 783 nam
825 723 857 784 et
884 720 1012 801 linguae
1041 740 1119 784 suae
1147 720 1310 801 ingenium
1339 722 1371 782 et
1394 737 1489 782 aures

199 825 401 891 audientium
430 827 651 905 respexemnt.
703 823 806 887 Immo
834 824 921 887 viam
950 823 1093 887 mediam
1122 823 1256 904 ingressi
1284 826 1369 886 sunt.
1421 820 1490 885 Sed

198 929 265 993 iam
287 928 456 992 rideamus
479 926 612 1008 singula.

31 1051 96 1101 curu
109 1051 177 1094 vare-
285 1033 334 1095 Ac
350 1031 492 1113 primum
507 1031 640 1111 quidem
655 1031 813 1112 numquid
830 1031 917 1111 leges
934 1030 1087 1095 metricae
1106 1029 1149 1095 ad
1161 1029 1246 1094 hanc
1263 1029 1489 1110 quaestionem

33 1103 176 1206 iiiei'ciii
198 1135 363 1219 potuerint
385 1133 502 1211 valere,
525 1133 775 1198 consideremus.
825 1134 1038 1198 Notissimum
1061 1137 1109 1198 est
1132 1132 1296 1197 scaenicos
1318 1131 1489 1196 Romanos

26 1205 182 1312 li‘iifiiiii‘
199 1238 402 1302 senariorum
439 1236 651 1301 iambicorum
691 1240 723 1300 et
761 1237 1019 1318 septenariorum
1051 1236 1290 1300 trochaicorum
1322 1235 1409 1315 leges
1442 1235 1490 1298 ita

27 1311 102 1405 ”iiii
114 1321 182 1407 {iti
200 1341 384 1418 ordinasse,
407 1343 443 1404 ut
466 1339 555 1402 solus
576 1340 708 1403 ultimus
731 1340 886 1422 cuiusque
908 1359 1019 1404 versus
1041 1360 1100 1422 pes
1122 1340 1268 1404 iambum
1291 1339 1352 1403 sibi
1373 1342 1488 1420 postu-

33 1415 176 1458 statuerunt.
199 1444 290 1508 laret.
341 1442 515 1506 Praeterea
543 1442 577 1505 in
598 1462 694 1506 versu
723 1442 865 1506 finiendo
895 1444 976 1507 duas
1004 1443 1083 1507 alias
1109 1443 1196 1524 leges
1220 1442 1488 1507 observaverunt:

199 1567 278 1611 nam
300 1550 333 1611 et
355 1545 604 1627 monosyllabon
627 1546 700 1629 (nisi
724 1546 813 1627 quod
834 1568 913 1627 sum,
934 1567 974 1627 cc,
998 1555 1041 1611 cst
1058 1547 1222 1611 interdum
1245 1546 1344 1629 extat)
1368 1547 1402 1610 in
1423 1546 1490 1610 fine

200 1650 278 1732 poni
301 1650 474 1714 noluerunt
502 1653 534 1713 et
561 1649 796 1731 synaloephen,
827 1654 863 1714 ut
884 1650 961 1714 alibi
984 1650 1235 1727 adamavemnt,
1264 1651 1309 1714 ita
1331 1648 1489 1714 hocloco

201 1754 402 1818 evitaverunt
425 1752 500 1836 (nisi
522 1752 611 1834 quod
633 1760 677 1816 est
699 1754 731 1816 in
754 1752 819 1817 fine
841 1772 908 1817 non
930 1751 1031 1817 semel
1047 1752 1175 1817 eliditur
1196 1752 1363 1834 multoque
1386 1753 1490 1818 rarius

200 1861 276 1921 ante
299 1857 501 1938 pronominis
523 1856 572 1919 hic
594 1856 740 1939 formas).
794 1857 901 1934 Quam
923 1876 996 1921 raro
1026 1857 1059 1920 in
1082 1857 1143 1921 has
1165 1857 1251 1937 leges
1274 1856 1490 1938 peccaverint,

201 1960 323 2041 optime
346 1960 494 2041 exposuit
517 1959 693 2023 Guilelmus
715 1959 823 2041 Meyer
834 1959 869 2042 ¹).

286 2063 516 2126 Postulatur
545 2062 665 2143 igitur
695 2063 733 2126 in
755 2062 837 2126 fine
864 2063 1001 2127 horum
1023 2083 1208 2128 versuum
1231 2067 1296 2126 aut
1318 2063 1491 2127 iambica

200 2186 274 2230 vox
296 2170 363 2230 aut
385 2165 666 2248 polysyllabon
688 2167 727 2229 in
750 2166 923 2230 iambum
946 2166 1094 2230 exiens.

286 2269 357 2334 Huc
380 2269 503 2334 accedit
525 2269 588 2333 alia
605 2289 713 2333 causa.
758 2270 846 2333 Licet
863 2271 949 2334 enim
966 2270 1150 2344 observare,
1172 2274 1209 2334 ut
1229 2269 1361 2333 ultimus
1376 2289 1489 2334 versus

200 2393 258 2455 pes
280 2371 453 2436 iambicam
474 2391 587 2436 rocem
609 2373 751 2454 flagitat,
784 2373 830 2436 ita
853 2376 978 2437 ceteros
999 2372 1100 2455 pedes
1127 2393 1217 2450 eam,
1252 2374 1279 2437 si
1307 2375 1406 2438 modo
1428 2392 1488 2455 pro

109 2524 112 2530 -
199 2477 310 2541 iambo
332 2476 561 2558 pronuntiatur
582 2495 704 2557 neque,
733 2480 769 2540 ut
791 2477 920 2558 saepius
943 2477 996 2554 fit,
1027 2477 1078 2541 vel
1108 2477 1236 2541 eliditur
1258 2477 1309 2541 vel
1331 2496 1390 2558 pro
1413 2497 1489 2559 pyr-

200 2580 324 2644 rhichio
347 2582 427 2657 stat,
457 2583 513 2643 aut
536 2579 634 2643 modo
658 2580 741 2644 ferre
770 2583 827 2644 aut
849 2580 982 2644 omnino
1004 2601 1166 2663 respuere.
1210 2580 1348 2661 Respuit
1371 2580 1490 2645 senarii

201 2683 331 2765 quintus
353 2703 421 2764 peS,
444 2683 505 2746 nisi
527 2703 611 2764 quae
634 2684 796 2748 antecedit
818 2684 899 2748 arsis
916 2683 1074 2749 dissoluta
1096 2689 1155 2763 est,
1179 2689 1277 2767 atque
1298 2684 1396 2748 etiam
1417 2689 1488 2748 tum

199 2806 274 2850 raro
297 2786 412 2867 accipit
434 2785 534 2849 talem
550 2805 673 2850 vocem.
716 2786 855 2868 Respuit
877 2787 990 2850 tertius
1006 2807 1075 2868 pes,
1098 2788 1170 2865 nisi,
1193 2787 1282 2868 quod
1300 2807 1368 2852 non
1391 2808 1490 2870 saepe

201 2889 284 2953 solet
299 2889 378 2966 fieri,
402 2887 650 2970 monosyllabon
670 2889 823 2970 sequitur.
857 2889 979 2953 Ferunt
995 2890 1109 2972 reliqui
1125 2892 1236 2972 pedes,
1260 2894 1294 2955 at
1310 2891 1356 2956 ita
1371 2891 1489 2969 ferunt,

199 2997 236 3057 ut
253 3012 360 3073 neque
377 2992 531 3056 adament
547 2991 647 3055 talem
658 3011 772 3055 vocem
789 2995 821 3055 et
837 3010 971 3073 perraro
989 2992 1053 3056 duo
1071 2993 1214 3057 continui
1232 3014 1305 3058 eam
1322 2995 1489 3076 recipiant.

199 3094 396 3159 Perlustravi
423 3094 562 3176 exempli
589 3094 693 3176 gratia
720 3093 784 3158 Mil.
812 3095 892 3176 glor.
919 3095 1059 3177 primam
1087 3117 1255 3176 scaenam,
1292 3099 1380 3162 unde
1407 3099 1490 3163 haec

200 3195 409 3282 apparent²):

522 3300 594 3377 Pes,
618 3301 651 3363 in
675 3320 739 3382 quo
763 3300 902 3365 iambica
923 3321 986 3366 vox
1008 3304 1092 3368 intra
1114 3325 1244 3369 versum
1266 3309 1407 3387 apparet

318 3406 446 3469 Versus.
739 3410 771 3470 et
792 3425 852 3488 pro
875 3407 985 3470 iambo
1007 3408 1244 3489 pronuntiatur.

358 3508 406 3572 18.
847 3509 877 3573 4.
902 3509 1051 3593 (lectione
1073 3511 1185 3595 dubia)

357 3611 408 3675 47.
850 3614 879 3676 5.
904 3612 968 3697 (vel
991 3614 1099 3694 potius
1121 3614 1165 3698 4.)

356 3715 407 3779 48.
847 3718 878 3781 4.

356 3818 407 3881 38.
550 3877 554 3883 ,
851 3821 877 3884 1.

356 3921 407 3985 39.
847 3925 877 3988 5.

288 4143 308 4209 Ι)
326 4135 399 4198 Uber
416 4144 459 4198 die
473 4144 672 4215 Beobachtung
690 4148 736 4200 des
750 4146 952 4200 Wortaccentes
969 4146 997 4200 iu
1012 4149 1059 4202 der
1073 4148 1285 4203 alilateinischen
1299 4150 1400 4216 Poesie,
1419 4168 1490 4220 quae

200 4229 392 4284 commentatio
410 4234 484 4284 extat
501 4230 529 4284 in
547 4231 681 4290 Abhandl.
707 4234 732 4286 d.
750 4233 776 4286 k.
793 4233 954 4300 bayrischen
971 4232 1118 4288 Akademie
1136 4235 1161 4292 d.
1179 4235 1356 4302 Wisseuscb,
1380 4237 1490 4305 philos.-

199 4315 263 4384 phil.
289 4315 379 4370 Classe
403 4317 520 4380 rol.17;
547 4317 585 4371 ibi
609 4319 787 4372 conferendae
811 4323 874 4372 sunt
898 4336 923 4387 p.
945 4319 980 4372 46
1004 4324 1030 4372 et
1051 4321 1094 4373 47.
1127 4349 1161 4359 -
1188 4321 1226 4376 cf.
1251 4322 1333 4376 etiam
1356 4323 1489 4377 Klotzium

201 4401 371 4470 (Grundzuge
390 4402 497 4455 altrum.
515 4402 608 4456 Metrik
626 4421 651 4472 p.
670 4403 792 4472 alosa).

286 4485 307 4551 ²)
327 4486 365 4540 cf.
384 4487 466 4541 etiam
485 4487 516 4542 Ο.
536 4489 742 4557 Brugmannum
764 4489 1011 4556 (Quemadmodum
1028 4492 1057 4545 in
1075 4492 1156 4546 iamb.
1175 4510 1230 4546 sen.
1249 4493 1369 4547 Romani
1387 4499 1489 4548 veteres

200 4573 342 4625 verborum
363 4578 504 4627 accentum
522 4591 584 4629 cum
602 4575 721 4629 numeris
740 4575 927 4642 consociarint,
946 4577 1009 4632 diss.
1027 4578 1115 4635 Bonn.
1135 4596 1158 4633 a.
1179 4579 1265 4644 1874).
