3286 5198
799 95 834 159 11

259 301 437 366 Possumus
460 300 556 382 igitur
578 302 773 367 constituere
791 307 925 384 poetam
947 303 1015 367 tere
1038 303 1165 384 quidvis
1188 304 1221 367 in
1243 303 1333 366 initio
1353 322 1464 367 versus

173 404 302 482 tulisse,
332 405 393 469 3131
424 405 512 487 quod
534 425 630 470 voces
659 405 757 488 plane
788 406 951 471 3331111333
973 407 1096 488 respuit
1108 406 1143 490 ¹).
1206 407 1242 471 ln
1267 406 1464 471 tetrametris

174 511 284 572 autem
305 507 383 571 talia
406 508 539 572 omnino
561 528 629 573 non
651 509 866 573 inveniuntur.

260 611 328 674 laru
365 611 406 675 de
440 612 506 677 fine
534 631 686 677 versuum
709 631 780 676 >non
811 630 893 694 opus
929 616 979 676 est
1008 615 1107 677 verba
1136 613 1253 677 133313.
1308 612 1465 693 Exempla

78 781 81 788 ,
175 715 271 791 enim,
295 715 412 795 quibus
434 735 486 779 133
509 715 701 792 illustratur,
731 715 810 778 satis
833 715 936 779 multa
958 715 1066 779 attulit
1087 714 1231 780 Klotzius
1260 716 1464 800 (Grundzrige

174 817 302 882 altrum.
326 817 439 882 Metrik
461 837 495 899 p.
520 818 612 901 188),
652 837 669 882 3
697 817 813 899 quibus
843 822 980 900 apparet
1012 819 1178 883 vocabulis
1205 811 1241 901 ἦ,
1272 821 1323 884 καί
1352 817 1465 902 (etiam

173 946 206 985 re
229 921 291 1005 καί)
315 918 394 998 3132)
417 921 530 985 formis
552 921 677 986 articuli
709 922 821 1006 (etiam
842 922 1014 1003 proclitiois
1036 923 1166 999 formis,
1197 927 1234 986 ut
1257 925 1273 987 t
1297 922 1464 986 Menandr.

175 1025 248 1101 310,
275 1025 302 1100 1,
325 1027 344 1106 ἡ
367 1024 506 1107 Ephipp.
531 1027 560 1102 7,
586 1025 628 1109 1),
650 1023 946 1106 praepositionibus
967 1044 1097 1089 versum
1121 1024 1344 1110 [trimetruml]
1367 1045 1465 1108 posse

175 1127 333 1191 concludi.
384 1127 509 1191 Erravit
535 1131 646 1191 tamen
668 1127 812 1191 Klotzius
841 1128 874 1190 in
903 1146 958 1205 33,
994 1129 1084 1210 quod
1111 1129 1275 1194 trimetros
1303 1147 1342 1193 ac
1363 1132 1464 1192 13113-

175 1235 307 1308 1331133,
330 1231 424 1313 quasi
445 1232 613 1313 utriusque
636 1249 748 1295 versus
771 1230 917 1295 condicio
941 1235 1027 1295 esset
1050 1230 1180 1308 eadem,
1209 1231 1464 1312 comprehendit.

174 1334 259 1399 Nam
281 1334 366 1398 inter
387 1339 436 1399 tot
458 1335 679 1398 trimetrorum
698 1333 847 1415 exempla
868 1337 1132 1399 tetrametromm
1150 1335 1250 1399 modo
1273 1335 1367 1399 affert
1390 1333 1465 1410 133,

176 1456 314 1520 quorum
336 1439 426 1520 prius
448 1438 567 1502 falsum
590 1437 779 1522 (Antiphan.
800 1438 871 1512 194,
893 1438 946 1515 10;
969 1457 1088 1520 nempe
1104 1457 1216 1502 versus
1233 1442 1282 1502 est
1298 1437 1466 1520 trimeter),

176 1540 313 1605 alterum
338 1542 516 1606 admodum
540 1541 675 1604 dubium
698 1541 922 1625 (Aristophon.
937 1542 968 1619 4,
986 1541 1017 1618 5,
1041 1560 1114 1605 cum
1136 1541 1244 1605 locum
1266 1540 1316 1604 vel
1333 1544 1467 1622 propter

175 1662 306 1708 sensum
330 1649 417 1708 31313
439 1662 506 1707 333
527 1663 626 1726 posse
647 1643 838 1708 intellexerit
860 1643 1023 1727 Koclrius).
1063 1644 1274 1709 Tetrametris
1295 1643 1467 1708 trochaicis

175 1745 278 1810 multo
301 1746 480 1810 severiores
502 1747 590 1827 leges
612 1746 712 1810 luisse
734 1746 845 1810 videas
868 1745 959 1810 verbi
980 1747 1085 1828 gratia
1107 1767 1147 1812 ex
1169 1747 1219 1811 his
1242 1747 1335 1811 locis:

261 1850 440 1931 Antiphan.
464 1850 537 1927 104,
561 1848 633 1914 105.

198 1958 199 1961 ’
260 1953 433 2018 Philetaer.
458 1955 488 2018 9.

261 2055 387 2120 Anaxil.
417 2057 472 2135 11,
502 2056 557 2120 ubi
587 2056 620 2120 iu
651 2056 689 2119 31
715 2055 875 2120 versibus
890 2056 991 2121 modo
1020 2056 1071 2121 bis
1101 2057 1134 2121 13
1164 2057 1230 2122 fine
1259 2076 1371 2122 versus
1401 2076 1467 2120 333

179 2158 392 2240 distinguitur.
799 2172 805 2183 '

262 2261 388 2326 Alexid.
411 2264 464 2327 98.

263 2364 360 2443 Quod
382 2365 489 2429 inveni
503 2365 728 2446 gravissimum
751 2369 801 2429 331
816 2364 951 2429 Τ131331.
968 2366 1017 2441 16,
1029 2365 1061 2444 4,
1083 2366 1141 2429 ubi
1156 2368 1290 2432 vocibus
1314 2368 1391 2432 ἀλλὰ
1412 2370 1467 2451 γὰρ

176 2487 287 2532 versus
322 2467 441 2533 finitur.
497 2468 712 2532 lambicorum
751 2471 860 2532 autem
901 2472 1164 2533 tetrametrorum
1201 2470 1378 2535 dolendum
1420 2474 1469 2534 est

176 2570 336 2652 ampliora
358 2571 541 2653 fragmenta
567 2571 703 2635 nonita
731 2570 834 2634 multa
862 2575 980 2635 extare.
1026 2573 1279 2637 Anaxandridae
1302 2578 1413 2637 autem
1435 2573 1469 2637 13

176 2673 359 2753 fragmento
382 2675 434 2752 34,
458 2676 547 2756 quod
570 2674 794 2756 complectitur
815 2675 966 2739 undecim
989 2679 1118 2739 tetram.
1142 2676 1257 2754 iamb.‚
1285 2695 1414 2758 semper
1436 2677 1469 2740 in

175 2775 241 2839 fine
262 2796 375 2840 versus
397 2777 527 2857 gravius
550 2777 765 2858 distinguitur.

261 2879 369 2961 Atque
386 2879 468 2944 haec
486 2881 617 2963 quidem
631 2881 797 2945 hactenus.
832 2881 901 2944 Iam
915 2900 1088 2962 possumus
1105 2882 1301 2946 constituere
1317 2882 1469 2963 antiquos
1493 2906 1565 2961 apuu
1580 2907 1627 2959 pru

177 2983 341 3048 scaenicos
372 2984 557 3062 Romanos,
593 3004 666 3049 curn
694 2984 738 3049 ad
766 2985 905 3048 Graecas
932 2984 1059 3048 fabulas
1091 2985 1265 3060 „barbare“
1297 2985 1469 3049 vertendas
1499 2968 1627 3054 lollii?

178 3088 444 3167 aggrederentur,
475 3086 637 3168 duplicem
659 3087 820 3151 invenisse
843 3092 948 3151 artem
975 3088 1156 3151 metricam:
1185 3088 1325 3168 primam
1353 3107 1468 3152 vema—
1519 3071 1611 3105 m⁸⁰⁰³'

177 3190 282 3254 culam
305 3190 532 3255 Saturniorum
555 3210 710 3272 eamque,
743 3190 831 3272 quod
861 3191 904 3254 ad
926 3195 1072 3254 nostram
1097 3191 1320 3272 quaestionem
1344 3190 1468 3267 attinet,

264 3430 284 3498 1)
312 3431 378 3484 lude
396 3432 470 3499 quod
489 3447 543 3485 vox
567 3430 690 3485 enclitica
714 3431 936 3501 (1111313313.)
961 3431 1003 3484 val
1023 3432 1203 3499 postpositiva
1225 3431 1265 3498 (ut
1284 3431 1324 3496 u,
1346 3432 1390 3500 γάρ
1410 3431 1469 3498 313.)

176 3532 245 3569 nou
262 3515 348 3570 elisa
371 3533 527 3586 nunquam,
546 3518 620 3586 quod
638 3516 734 3579 331331,
760 3517 788 3570 13
807 3532 900 3570 versus
917 3517 992 3571 initio
1012 3521 1098 3583 extat,
1123 3518 1188 3570 ruihi
1213 3518 1319 3571 videtur
1341 3534 1470 3586 apparere

177 3600 321 3654 Christium
340 3602 462 3666 (113111112
478 3620 505 3671 p.
523 3604 584 3669 338)
603 3603 786 3666 1331133333,
806 3602 852 3670 qui
871 3618 902 3655 33
921 3602 1039 3667 13311331,
1059 3607 1241 3669 31133333,
1261 3621 1301 3669 με,
1321 3604 1347 3655 u
1366 3609 1429 3670 etc,
1448 3603 1471 3657 si

177 3702 241 3739 casu
259 3687 290 3740 fit
313 3692 342 3740 ut
360 3688 547 3753 elidantur,
574 3689 602 3742 in
625 3688 701 3741 initio
726 3704 820 3741 versus
843 3688 905 3741 ferri
922 3704 1002 3756 posse
1026 3688 1158 3741 existimet
1176 3688 1211 3741 ob
1236 3705 1350 3757 eamque
1368 3707 1424 3743 reru
1442 3689 1470 3742 iu

176 3771 276 3825 talibus
293 3773 416 3826 versibus
433 3779 463 3828 ut
483 3774 565 3843 Soph.
585 3773 650 3832 Oed.
669 3774 702 3827 R.
721 3774 754 3826 19
768 3788 824 3842 sq.:

521 3858 558 3930 ὑφ’
583 3849 748 3915 3133131131
767 3861 844 3926 δῶμα
863 3854 1003 3925 Καδμεῖον,
1023 3860 1103 3926 μέλας
1122 3860 1139 3912 δ’

514 3941 599 4014 Ἅιδης
617 3955 768 4016 στεναγμοῖς
787 3947 830 3998 καὶ
848 3953 918 4014 γοοῖς
936 3945 1105 4006 πλουτίζεται.

179 4028 230 4095 ,δ”
253 4029 361 4084 31131133
379 4047 472 4084 versus
489 4030 566 4085 initio
583 4032 664 4086 inseri
682 4032 771 4096 malit,
790 4032 865 4100 quod
882 4032 994 4086 omuino
1013 4048 1070 4086 non
1088 4031 1228 4085 ferendum
1246 4036 1295 4089 est.
1332 4033 1472 4087 Praeterea

175 4117 221 4169 illa
239 4132 349 4185 quoque
364 4133 447 4171 33333
465 4116 577 4172 alicuius
592 4119 723 4172 momenti
740 4122 788 4182 ast,
807 4119 881 4185 quod
898 4134 956 4171 333
974 4119 1054 4172 modo
1074 4135 1154 4172 voces
1172 4136 1200 4169 τι
1219 4135 1250 4183 με
1269 4119 1304 4182 at,
1323 4119 1370 4172 sed
1388 4119 1471 4188 etiam

177 4203 333 4270 ampliores,
359 4203 392 4257 de
415 4202 514 4271 quibus
532 4220 566 4256 ue
584 4204 707 4259 dubitare
725 4203 834 4271 quidem
857 4203 929 4267 licet,
953 4205 1027 4258 velut
1049 4201 1116 4257 ταῦτ’
1145 4203 1211 4259 031.
1230 4204 1262 4257 R.
1280 4204 1344 4270 331,
1368 4204 1471 4268 potate

176 4286 243 4342 031.
262 4287 318 4342 Col.
339 4289 405 4342 1164
422 4288 449 4342 111
468 4289 522 4342 fine
538 4306 631 4344 versus
649 4289 792 4343 eliduntur.
819 4289 918 4342 Verum
932 4290 1119 4344 iudicaverunt
1135 4290 1229 4345 dehac
1243 4306 1272 4343 re
1287 4289 1471 4343 Rossbachius

176 4379 203 4427 et
219 4375 403 4443 Westphalius
420 4375 534 4428 Theorie
553 4376 578 4430 1,
598 4392 665 4432 mus.
685 4376 788 4428 Kunste
806 4374 831 4427 d.
850 4375 917 4428 Hell.
936 4376 981 4443 ΙΙΙ,
1002 4378 1023 4441 1,
1043 4393 1069 4444 p.
1091 4377 1146 4430 133.

262 4478 284 4545 2)
311 4478 446 4532 Particula
463 4478 642 4546 postpositiva
659 4479 706 4547 γάρ
725 4477 875 4531 3131113313
892 4484 941 4544 331,
960 4495 1044 4546 quam
1062 4495 1110 4534 cur
1128 4480 1247 4533 attulerit
1265 4478 1384 4533 Klotzius
1402 4479 1471 4532 13131

176 4564 335 4631 gravissima
355 4569 443 4618 cetera
460 4580 517 4617 uon
536 4565 630 4629 videm
657 4562 827 4617 3313311313
844 4565 932 4631 potuit
951 4565 1032 4618 311313
1051 4565 1086 4630 tt,
1106 4568 1151 4632 μ1ν
1171 4569 1221 4619 eto.
