3286 5198
814 116 834 178 5

264 321 348 386 460:
382 326 459 387 ante
482 327 661 388 extremum
684 324 845 400 creticum,

264 425 348 489 473:
383 430 459 490 ante
483 430 664 491 extremum
687 426 875 504 diiambum,

262 526 348 592 489:
383 532 459 593 ante
482 532 662 594 extremam
684 529 817 613 1111111),

265 632 348 694 500:
384 635 460 696 ante
483 636 663 697 extremum
687 633 875 697 diiambum.

263 734 322 798 His
341 733 435 800 liceat
459 735 579 800 addere
597 735 745 817 exempla
762 738 924 818 quaedam
943 737 1019 800 hinc
1037 741 1135 818 atque
1153 736 1239 800 illinc
1259 757 1297 802 ex
1308 737 1467 820 Aeschylo

177 837 326 914 collecta,
355 858 494 919 quorum
524 839 681 904 nonnulla
711 839 870 904 editorum
899 839 1137 905 dubitationem
1158 844 1344 917 moverunt3
1378 841 1468 905 vide-

176 941 251 1005 licet
283 941 342 1005 riri
375 942 461 1005 docti
495 943 594 1006 modo
627 961 723 1006 voces
757 946 826 1007 arte
857 962 931 1008 cum
962 943 1227 1008 antecedentibus
1257 943 1468 1009 cohaerentes

176 1064 328 1126 separare
350 1045 535 1122 noluerunt,
564 1046 665 1110 modo
687 1045 785 1122 tales,
816 1065 897 1126 quas
927 1045 970 1111 ad
1000 1064 1132 1110 sensum
1163 1045 1334 1111 minimum
1360 1047 1467 1112 valere

177 1148 412 1229 intellegerent,
443 1149 475 1213 in
505 1168 591 1214 novo
620 1168 716 1213 versu
742 1148 829 1212 solas
861 1153 970 1214 extare
996 1167 1063 1213 non
1091 1149 1243 1213 tulerunt.
1287 1149 1468 1231 Utrumque

177 1255 285 1316 autem
314 1251 394 1315 nihil
423 1252 580 1334 impedire
607 1252 727 1316 selecta
755 1252 918 1333 quaedam
949 1253 1088 1317 doceant
1116 1251 1275 1335 exempla.
1323 1252 1468 1317 Primum

176 1354 271 1436 igitur
300 1374 420 1418 nomen
450 1358 483 1420 et
511 1375 712 1436 praenomen
742 1355 808 1420 sive
839 1355 1077 1420 substantivum
1107 1355 1173 1419 sive
1196 1355 1390 1420 adiectivum
1411 1357 1468 1420 tali

176 1459 275 1522 modo
305 1479 325 1522 a
353 1458 477 1540 reliqua
507 1458 668 1523 sententia
693 1458 875 1523 seiunctum
902 1459 935 1523 in
957 1458 1089 1523 alterius
1110 1477 1222 1523 versus
1248 1458 1338 1523 initio
1362 1458 1467 1524 solum

177 1565 264 1626 extat
288 1581 361 1626 cum
384 1560 454 1625 aliis
477 1565 547 1625 tum
569 1561 620 1625 his
642 1561 734 1625 locis:

262 1665 371 1729 Prom.
396 1665 459 1727 946
484 1684 549 1745 sq.:
574 1652 661 1740 όστις,
686 1665 858 1750 Προμηθεῦ,
882 1672 972 1731 σοῖσιν
996 1667 1031 1730 οὐ
1053 1669 1227 1751 συνασχαλᾷ

571 1770 696 1855 μόχθοις
710 1791 718 1806 ·
731 1771 791 1852 ἐγὼ
815 1771 885 1854 γὰρ.
901 1817 930 1832 ..
974 1767 1056 1833 Item
1076 1790 1106 1833 v.
1131 1770 1204 1834 893.

263 1872 352 1952 Sept.
376 1871 428 1934 64.
452 1871 525 1935 498.
549 1872 622 1937 519.

262 1974 375 2056 Suppl.
399 1975 471 2039 995.
496 1975 568 2039 946.
592 1975 665 2040 976.

210 2084 219 2104 ⁸
261 2077 473 2158 1131111996.
501 2078 593 2143 1404.

263 2180 407 2263 Choeph.
436 2181 506 2247 196.
530 2182 603 2247 987.

262 2284 395 2348 Ε11111111.
420 2285 470 2349 79.
495 2286 546 2348 99.
573 2285 642 2349 193.

261 2388 319 2452 His
342 2387 420 2453 locis
443 2388 683 2453 substantivum
713 2391 817 2468 extat3
851 2386 928 2451 alibi
956 2386 1150 2452 adiectivum
1179 2387 1337 2465 invenies,
1364 2387 1467 2452 velut:

261 2489 370 2554 Prom.
397 2491 489 2556 1051.

261 2592 351 2675 Sept.
374 2593 449 2658 419.
473 2594 538 2658 660
561 2594 648 2678 (cunr
671 2593 819 2675 emphasi
841 2592 1018 2677 ρ1υ1111111).
1044 2593 1137 2658 1008.

261 2695 375 2779 Suppl.
401 2697 494 2760 1006.

259 2799 375 2880 Agam.
398 2799 473 2865 537.
500 2800 581 2865 1189
605 2800 688 2884 (arte
711 2819 737 2865 c.
760 2799 907 2864 anteced.
932 2798 1085 2883 cohaer.).

261 2901 406 2985 Choeph.
430 2903 504 2969 519.

259 3005 449 3087 Diligentius
472 3007 683 3071 observemus
706 3025 763 3071 eos
792 3007 896 3083 locos
927 3005 983 3069 uhi
1011 3005 1045 3069 in
1073 3005 1205 3070 alterius
1235 3025 1348 3070 versus
1377 3005 1468 3095 initio

173 3128 396 3191 pronomen
417 3109 693 3191 possessivum
716 3109 862 3186 additur,
890 3109 979 3191 quod
1002 3108 1029 3172 si
1051 3107 1097 3186 fit,
1120 3110 1176 3173 aut
1194 3108 1347 3173 articulus
1364 3109 1467 3187 adest,

173 3215 209 3276 ut
238 3212 372 3276 Eumen.
402 3212 476 3276 441.
509 3213 582 3276 653.
616 3212 732 3293 Agam.
763 3212 844 3276 1599
876 3212 929 3296 (ct.
961 3211 1056 3296 1399)
1087 3214 1120 3277 11
1149 3211 1225 3276 alibi
1256 3212 1386 3294 saepius
1412 3216 1469 3277 aut

174 3315 280 3391 deest,
312 3315 401 3396 quod
423 3316 516 3381 multi
537 3315 597 3379 ‘riri
620 3316 707 3380 docti
729 3335 797 3380 non
820 3312 1005 3400 tulerunt.²)
1049 3314 1147 3396 Apud
1168 3315 1365 3397 Aeschylum
1387 3315 1469 3380 haec

174 3418 378 3500 reperiuntur
400 3419 564 3500 exempla:

259 3523 375 3603 Agam.
401 3520 487 3606 143);
717 3518 896 3607 ἔνδροσόνὲ
924 3522 988 3610 ἔχω

541 3627 628 3710 εὐνὴν
652 3627 774 3710 ὀνείροις
797 3626 852 3691 οὐκ
874 3625 1125 3710 ἐπισκοπουμένην

540 3730 758 3817 ἐμήν·φόβος
780 3754 834 3814 γορ
859 3777 866 3791 .
891 3775 930 3791 ..

258 3834 373 3915 Agam.
401 3833 499 3896 1995ε
541 3835 575 3897 ἐκ
598 3835 692 3898 τῶνδε
714 3835 815 3905 ποινὰς
839 3835 912 3919 φημὶ
936 3832 1086 3920 βουλεύειν
1108 3832 1171 3895 τινὰ

540 3935 633 4002 λέοντ’
657 3927 776 4002 όινοιλκιν
799 3939 829 4001 ἐν
852 3936 935 4021 λέχει
959 3938 1176 4022 στρωφώμενον

540 4042 687 4125 οἰκουρόν,
712 4040 800 4126 οἴμοι,
822 4041 865 4127 τῷ
889 4044 1006 4125 μολόντι
1029 4039 1158 4123 δεσπότῃ

540 4144 619 4228 ἐμῷ
637 4163 644 4177 ·
664 4142 763 4229 φέρειν
785 4145 841 4228 γὰρ
864 4144 923 4229 χρὴ
946 4145 979 4207 τό
1003 4143 1120 4207 δούλιον
1143 4142 1240 4225 ζυγόν.

260 4333 282 4399 l)
308 4330 399 4404 Μηλιᾶ
418 4351 445 4383 πε
464 4331 579 4394 κόλπον,
603 4327 631 4384 οὗ
654 4330 668 4399 )Ι
689 4329 828 4403 Σπερχειὸς
846 4329 919 4400 ipati
937 4331 1023 4384 πεδίον
1042 4329 1143 4396 εὐμενεῖ
1160 4331 1246 4402 ποτῷ,
1265 4331 1339 4399 quod
1356 4346 1413 4383 non
1430 4329 1468 4383 ita

171 4436 253 4489 saepe
270 4421 302 4474 tit
320 4421 391 4491 apud
410 4417 580 4486 Aeschylum.

258 4505 280 4572 ²)
307 4507 368 4560 Non
384 4505 525 4559 terentium
540 4504 718 4573 temptamina
733 4504 799 4559 satis
812 4504 898 4557 multa
911 4508 1004 4558 extant
1014 4504 1087 4572 apud
1095 4502 1265 4556 Wechlinum
1274 4502 1302 4556 in
1311 4501 1467 4571 appendice.

257 4590 280 4661 3)
307 4592 456 4647 Numerum
474 4591 531 4646 eius
549 4606 650 4656 versus,
670 4607 724 4659 quo
742 4590 808 4645 illud
825 4590 989 4644 vocabulum
1007 4595 1088 4655 extat,
1106 4588 1254 4657 intellegas.
