3286 5198
632 253 635 258 .
739 177 894 273 „⁹1-

258 380 344 444 Talis
378 384 428 445 est
460 381 583 462 species
616 402 767 447 versuum
800 383 1104 448 Ribbeckianorum.
1155 384 1217 461 Qui
1251 385 1463 466 quamobrem

171 484 236 548 sint
257 483 416 561 reiciendi,
447 484 546 549 modo
574 486 620 570 (in
641 486 736 550 Titin.
761 486 815 570 93)
840 487 913 551 dixi.
957 487 1030 552 Una
1052 488 1195 570 qualibet
1217 487 1332 552 vocula
1354 488 1464 553 addita

171 585 263 650 locus
279 591 429 664 sanatur3
448 589 569 652 scribas
585 588 675 652 verbi
692 591 794 671 gratia
814 609 888 654 cum
905 591 1118 655 Buechelero:
1140 576 1187 655 Ea
1206 592 1251 656 tui
1271 595 1462 657 veretur...

258 692 334 756 398:
369 686 447 755 >'<id
470 696 519 756 est
540 693 626 756 intus
648 697 771 757 actum:
805 694 898 775 periit
921 714 1021 776 opera
1043 695 1193 759 nimirum
1215 715 1307 759 meae

365 778 413 858 nx
435 796 542 859 animo
565 796 738 860 fidelitatis.

261 896 313 961 Sic
346 898 557 980 Ribbeckius3
595 904 693 980 atque
730 901 763 963 in
803 900 987 964 universum
1020 919 1202 982 pronomen
1234 901 1463 982 possessivum,

171 1002 344 1084 praecipue
367 1002 489 1068 formas
511 1023 596 1068 meua
618 1011 690 1067 tuns
711 1024 797 1083 suaa,
821 1003 899 1066 salis
921 1003 1013 1068 facile
1035 1003 1253 1069 intercedente
1270 1022 1382 1068 versus
1399 1003 1464 1066 fine

171 1123 273 1169 asuo
296 1105 435 1187 positivo
459 1106 563 1170 dirimi
596 1125 694 1188 supra
725 1107 769 1190 (p.
793 1108 830 1170 61
858 1106 941 1190 sqq.)
973 1106 1201 1171 demonstravi.
1254 1107 1325 1171 Hoc
1353 1110 1463 1170 tamen

172 1207 245 1272 loco
266 1209 459 1290 pronomine
482 1209 665 1290 possessivo
681 1230 766 1273 mene
783 1229 912 1273 versum
928 1210 1119 1274 concludere
1135 1210 1209 1274 ideo
1226 1210 1331 1274 minus
1348 1209 1463 1292 placet,

172 1311 260 1394 quod
283 1330 379 1376 voces
401 1333 486 1377 meac
507 1315 540 1376 et
560 1313 721 1396 fidelitatis
743 1312 981 1394 amplectuntur
1007 1312 1085 1377 illud
1114 1335 1152 1378 cc
1175 1315 1291 1378 animo.
1339 1312 1465 1394 Sequar

171 1415 279 1497 potius
302 1415 543 1494 Buechelerum,
568 1416 622 1497 qui
645 1417 689 1480 sic
712 1416 848 1497 scripsit:

488 1519 523 1583 id
545 1523 594 1585 cst
615 1524 703 1584 intus
727 1524 834 1584 actum
852 1519 892 1602 ¹):

380 1622 468 1686 Perit
490 1626 590 1705 opera
612 1624 762 1687 niminim
786 1643 877 1687 meae
900 1623 1069 1686 exanimo
1094 1621 1266 1685 fidelitatis.

257 1726 443 1806 Pomponi
468 1732 523 1788 14:
652 1730 757 1807 neque
780 1727 866 1789 enim
889 1745 948 1808 ego

537 1829 615 1893 Sum
638 1829 768 1893 Memmi
790 1849 896 1910 neque
918 1828 1009 1893 Cassi
1027 1847 1132 1909 neque
1154 1827 1275 1891 Munati
1298 1811 1422 1891 Ebriae.

172 1933 224 1998 Sic
257 1932 366 1996 locum
400 1932 607 2013 desperatum
648 1932 746 1996 edidit
779 1932 975 1996 Ribbeckius
1013 1931 1106 1995 malis
1139 1929 1282 1994 numeris
1315 1929 1465 2011 malaque

174 2056 253 2100 usus
276 2035 491 2117 discriptione.
530 2034 632 2117 Magis
655 2036 772 2099 ferrem
796 2056 869 2099 cum
891 2035 993 2098 Keilio
1016 2035 1234 2117 septenarium
1253 2032 1466 2096 trochaicum:

257 2140 370 2221 Neque
393 2139 477 2201 enirn
501 2143 561 2220 egd
584 2160 656 2204 sum
671 2140 801 2203 Memmi
824 2159 929 2220 neque
952 2138 1043 2202 Cassi
1065 2157 1171 2219 neque
1193 2136 1317 2201 Munati
1339 2121 1464 2200 Ebriae.

261 2244 335 2307 103:
368 2242 462 2343 Mdnc
485 2243 616 2324 quando
639 2242 768 2306 voluisti
790 2241 905 2318 facere,
929 2241 980 2305 fac
1002 2240 1159 2321 voluptati
1183 2240 1246 2302 sies

371 2346 456 2410 Ibus

171 2450 261 2515 Haec
285 2448 452 2513 Ribbeckii
482 2468 634 2513 versuum
663 2448 826 2528 discriptio
857 2466 931 2511 cum
953 2466 1070 2528 parum
1093 2447 1236 2528 placeat,
1267 2445 1464 2525 scripserim:

307 2552 402 2617 Nunc
424 2552 556 2633 quando
579 2551 707 2616 voluisti
730 2551 846 2627 facere,
869 2549 921 2615 fac
943 2550 1101 2630 voluptati
1123 2549 1194 2613 ibus
1218 2549 1280 2612 sies
1292 2546 1327 2630 ²).

307 2656 453 2719 Decimi
475 2655 614 2719 Laberi

259 2760 314 2825 47:
347 2759 464 2824 Utrum
486 2763 522 2822 tu
543 2759 630 2821 hunc
651 2777 765 2840 gruem
786 2756 987 2821 Balearicum
1010 2776 1053 2820 an
1074 2756 1241 2819 hominem
1263 2758 1358 2836 putas

344 2863 444 2926 Esse?

259 2964 311 3028 Sic
333 2965 424 3029 locus
447 2983 521 3028 cum
543 2964 720 3028 Ribbeckio
731 2961 758 3045 3)
782 2962 969 3026 scribendus
993 2964 1051 3037 est,
1075 2960 1223 3042 quamvis
1246 2981 1313 3024 non
1335 2960 1466 3025 tulerint

98 3091 100 3096 ·
171 3067 318 3144 Botulus,
352 3068 578 3145 BuecheleruS,
612 3069 687 3133 Luc.
718 3066 899 3131 Muellerus
952 3065 1000 3129 Ne
1034 3066 1122 3146 apud
1149 3065 1301 3129 Plautum
1336 3064 1467 3146 quidem

172 3169 249 3234 talia
279 3169 481 3236 sollicitanda
511 3192 581 3236 esse
621 3192 720 3253 supra
754 3173 797 3253 (p.
827 3172 868 3234 53
898 3170 959 3253 sq.)
993 3168 1135 3250 exposui.
1181 3169 1216 3231 Ἐ
1246 3166 1467 3232 scaenicorum

172 3274 360 3355 fragmentis
382 3274 444 3338 huc
467 3276 629 3357 pertinent
650 3275 727 3338 Acci
758 3276 827 3338 119.
851 3275 924 3338 161.
947 3273 1059 3337 Afran.
1084 3273 1157 3349 360,
1185 3272 1240 3354 qui
1262 3275 1372 3335 tamen
1394 3270 1465 3346 loci,

175 3395 248 3440 curn
271 3376 378 3440 minus
401 3378 577 3454 offendant,
602 3378 643 3442 ab
668 3377 844 3441 editoribus
867 3381 953 3440 recte
976 3376 1142 3440 constituti
1164 3380 1250 3440 suni.

258 3479 347 3544 Haec
365 3480 432 3543 fere
452 3481 493 3544 de
509 3480 730 3546 scaenicorum
746 3485 891 3544 veterum
908 3479 1096 3561 fragmentis
1109 3479 1207 3544 habui
1219 3499 1303 3560 quae
1315 3479 1465 3542 dicerem.

174 3687 223 3769 lv.
271 3687 320 3768 lie
349 3687 497 3769 Phaedri
525 3689 723 3769 sententias
751 3687 914 3786 sinqoias
942 3687 1213 3767 caniensibus
1241 3687 1463 3786 exaequandi

748 3809 896 3887 ratione.
1490 3822 1492 3827 ·

258 3944 459 4030 Phaedrus4)
489 3966 553 4027 qua
582 3947 706 4009 ratione
736 3944 876 4026 singulas
903 3945 1078 4008 sententias
1107 3945 1191 4007 inter
1218 3961 1329 4008 versus
1360 3944 1465 4008 distri-

174 4048 280 4112 buerit
301 4050 473 4130 inquirenti
495 4049 573 4112 mihi
600 4050 739 4129 primum
761 4049 888 4112 videtur
910 4067 1066 4130 apparere
1097 4067 1171 4111 eum
1202 4068 1271 4111 esse
1293 4048 1355 4111 hac
1377 4048 1408 4111 in
1432 4067 1466 4110 re

173 4151 424 4216 severissimum:
455 4156 543 4216 amat
577 4171 643 4214 una
673 4171 746 4214 cum
774 4155 877 4214 metro
908 4151 1100 4214 sententiam
1138 4150 1338 4216 concludere.
1391 4149 1466 4213 Non

173 4258 344 4266 ———
360 4261 430 4266 .-.-..

260 4289 281 4357 1)
307 4292 398 4344 Malim
420 4295 508 4344 totum
529 4289 620 4341 locum
644 4294 711 4355 sept.
733 4289 816 4346 iamb.
840 4290 967 4352 dimetiri;
996 4289 1176 4342 Buechelerns
1201 4288 1352 4342 clausulam
1370 4288 1466 4341 bacch.

174 4375 276 4430 statuit.

259 4463 281 4530 ²)
309 4467 362 4517 sies
380 4466 440 4517 ibus
459 4462 545 4528 codd,
565 4461 638 4529 quod
657 4463 820 4528 transposui.

258 4546 281 4616 ³)
308 4549 428 4616 Recepto
447 4566 487 4612 eo,
507 4547 580 4616 quod
598 4547 625 4600 in
645 4547 737 4600 adnot.
755 4547 918 4602 Ribbeckius
935 4547 1096 4616 suspicatur.

259 4635 282 4703 ⁴)
309 4634 381 4688 Usus
403 4653 464 4688 sum
483 4634 546 4686 Luc.
565 4633 684 4687 Muelleri
702 4633 832 4698 editione,
852 4650 922 4702 quae
940 4634 1039 4703 prodiit
1057 4634 1163 4703 Lipsiae
1182 4651 1205 4686 a.
1224 4631 1466 4687 MDCCCLXXVH.
