3286 5198
760 165 800 228 17

549 371 650 427 victam
666 388 788 436 manum,

549 458 660 527 potione
678 463 704 512 et
722 458 783 512 cibo

547 543 643 612 inquit,
662 544 724 610 ,hoc
741 544 806 609 tibi‘,

548 628 691 698 sepelieris,

549 716 672 785 spiritum
690 716 837 772 effuderis?

549 803 591 856 ris
608 807 639 857 tu
656 802 836 858 reviviscere?

550 907 633 959 quam
651 891 697 945 diu
714 888 825 957 licuerit,

549 975 616 1029 lucis
635 975 786 1030 commodis
804 974 876 1029 lrui‘?

550 1077 655 1116 sumere
673 1067 721 1116 aut
737 1061 835 1116 vivere.

549 1147 725 1217 pertinaciam
744 1164 830 1215 suam,

549 1234 661 1303 replevit
678 1251 707 1288 se
725 1234 786 1288 cibo

549 1324 580 1374 ut
596 1324 724 1374 matrone
740 1321 821 1376 vellet
837 1321 935 1388 vivere,

550 1407 607 1461 eius
626 1423 767 1476 aggressus
785 1413 833 1463 est.

549 1493 616 1562 quid
633 1491 733 1547 diutius
749 1495 864 1548 moror?

551 1596 583 1633 ac
600 1579 679 1634 tertio
698 1579 748 1646 die,

549 1665 672 1719 laxatam
690 1664 851 1734 custodiam,

551 1750 768 1819 circumscriptus
786 1752 851 1806 dum
869 1751 979 1818 desidet,

551 1837 682 1891 cadavere
700 1853 814 1902 crucem,
825 1836 862 1906 (t)

550 1926 769 1991 exspectaturum
787 1923 883 1978 iudicis
901 1922 1071 1988 sententiam,
1081 1922 1114 1991 (t)

550 2009 597 2063 sed
615 2008 705 2079 gladio
724 2008 767 2062 ius
784 2008 919 2063 dicturum
936 2009 1061 2079 ignaviae
1079 2025 1153 2064 suae.

550 2095 597 2149 ille
613 2094 733 2164 perituro
751 2094 843 2149 locum

549 2197 592 2247 ,ne
610 2181 699 2246 istud‘,
717 2181 812 2249 inquit,
831 2180 867 2246 ,di
884 2180 992 2245 sinant‘,

549 2285 634 2336 quam
652 2267 745 2321 vivum
763 2267 893 2321 occidere.

549 2353 773 2422 prudentissimae
791 2351 915 2417 feminae,

550 2439 668 2508 populus
684 2439 798 2493 miratus
815 2442 863 2503 est,

551 2525 615 2579 isset
632 2524 661 2578 in
679 2540 794 2579 cmcem.

222 2629 330 2711 Atque
351 2629 433 2694 haec
455 2628 587 2711 quidem
608 2629 774 2692 hactenus.
818 2627 965 2710 Apparet
987 2626 1074 2691 enim
1096 2626 1254 2691 clausulas
1278 2626 1432 2692 iambicus

137 2733 290 2797 scaenicis
311 2733 416 2815 poetis
438 2731 490 2798 rel
512 2753 553 2798 ex
574 2733 702 2815 ingenio
725 2752 802 2796 suae
824 2731 952 2814 linguae
973 2731 1051 2796 satis
1073 2731 1166 2796 facile
1188 2731 1387 2814 suppetiisse.

222 2853 290 2917 lam
313 2853 479 2919 videamus
506 2857 622 2918 cetera.
674 2853 731 2916 Est
760 2856 869 2916 autern
900 2871 977 2916 usus
1006 2870 1074 2915 non
1104 2851 1311 2934 antiquorum
1341 2871 1431 2916 scae-

136 2956 283 3020 nicorum
304 2958 471 3041 proprius,
501 2957 559 3022 sed
587 2956 732 3021 omnium
760 2955 826 3020 fere
849 2955 986 3020 cuiusvis
1012 2955 1128 3020 aetatis
1149 2957 1322 3037 poetarum
1344 2955 1431 3020 Lati·

136 3077 254 3122 norum
277 3061 466 3138 communis,
488 3064 525 3125 ut
546 3078 809 3142 paromoeoseos,
833 3078 931 3140 quam
952 3061 1071 3122 vocant
1094 3057 1216 3138 Graeci,
1240 3061 1432 3124 ornamento
1461 3088 1499 3132 ΒΘ
1516 3087 1606 3130 ,mna

137 3162 317 3227 orationem
351 3162 558 3246 distinguant.
614 3163 870 3226 Paromoeoseos
903 3161 954 3225 vel
987 3160 1220 3228 allitterationis
1253 3181 1337 3244 quae
1369 3160 1434 3226 sint
1463 3139 1600 3245 ᾳζὲξίοῶἶι.

136 3265 294 3342 rationes,
327 3285 395 3330 non
432 3285 514 3349 opus
553 3270 600 3330 est
634 3284 815 3347 exponere,
849 3265 924 3347 quia
959 3283 1033 3328 cum
1061 3263 1115 3328 alii
1147 3270 1217 3328 tum
1253 3264 1434 3329 Ludovicus
1507 3244 1554 3286 tur.

135 3367 305 3432 Buchhold
328 3367 382 3453 (de
399 3388 652 3450 paromoeoseos
675 3366 939 3453 [allitterationis]
961 3366 1049 3448 apud
1066 3370 1191 3432 veteres
1206 3368 1434 3433 Romanorum

138 3475 253 3553 poetas
275 3492 351 3550 usu,
382 3472 456 3538 diss
480 3473 565 3556 Lips.
588 3493 617 3537 a.
645 3472 751 3556 1883.)
780 3474 865 3536 bene
891 3472 953 3536 hac
982 3471 1022 3535 de
1049 3491 1085 3536 re
1113 3471 1297 3552 disputavit.
1350 3470 1433 3535 Con-

136 3575 288 3639 ferendus
311 3578 360 3639 est
382 3577 488 3644 etiam,
502 3574 691 3654 LorenziuS,
722 3575 776 3658 qui
798 3575 953 3659 imprimis
981 3575 1014 3638 in
1041 3573 1243 3657 praefatione
1265 3573 1307 3638 ad
1329 3573 1436 3638 Plauti

136 3677 334 3742 Pseudolum
365 3678 408 3763 (p.
433 3680 475 3745 36
493 3680 577 3764 sqq.)
609 3682 801 3744 ornamenta
821 3678 961 3744 Plautini
988 3678 1146 3743 sermonis
1173 3678 1251 3742 scite
1280 3676 1435 3760 disposita

138 3780 298 3844 tractavit.
349 3780 402 3844 Ad
430 3802 500 3848 rem
521 3783 600 3848 mihi
626 3783 828 3866 propositam
851 3782 939 3865 quod
962 3782 1092 3860 attinet,
1122 3801 1224 3846 unum
1246 3780 1376 3863 postulo
1399 3782 1435 3844 ut

128 3883 351 3947 concedatur:
386 3886 549 3951 contendo
576 3886 663 3951 enim
690 3885 793 3949 multo
823 3884 1037 3950 efficaciorem
1065 3903 1135 3949 esse
1163 3884 1433 3961 allitterationem‚

137 3986 165 4051 si
186 3986 346 4049 vocabula
376 3986 432 4052 tali
459 3989 558 4053 modo
585 3988 749 4071 praedita,
782 3986 973 4070 praesertim
1002 3988 1058 4052 ubi
1087 3987 1187 4053 modo
1218 3987 1283 4051 duo
1312 3990 1434 4065 extant,

137 4109 203 4154 uno
226 4109 322 4154 versu
344 4091 672 4172 comprehenduntur.
723 4091 936 4173 Exceptiones
963 4090 1057 4156 huius
1084 4091 1130 4155 rei
1152 4109 1226 4156 raro
1250 4092 1433 4167 occurrunt,

138 4192 226 4257 velut
248 4192 341 4260 Most.
366 4193 422 4257 23:

463 4296 593 4360 Amicas
616 4296 722 4374 emite,
745 4297 894 4361 liberate:
912 4297 1038 4382 pascite

460 4399 638 4463 Parasitus:
663 4399 822 4463 obsonate
839 4399 1076 4483 pollucibiliter.

137 4501 193 4566 ubi
215 4505 326 4566 tamen
347 4505 413 4565 tres
425 4521 521 4566 voces
543 4500 769 4566 allitteratione
791 4505 942 4579 utuntur,
965 4506 1135 4584 praeterea
1156 4502 1219 4566 hoc
1240 4502 1313 4566 loco
1335 4505 1435 4583 poeta

137 4604 345 4686 imperativus
376 4608 464 4670 emite
498 4605 626 4670 liberate
650 4607 773 4690 pascite
802 4605 904 4670 noluit
928 4604 1128 4688 disiungere,
1156 4624 1221 4687 qua
1243 4605 1284 4669 de
1305 4625 1340 4670 re
1362 4604 1435 4669 vide

1225 4726 1242 4778 9
