3286 5198
720 140 874 236 A.

235 343 298 410 Mil.
313 343 392 426 glor.
406 344 484 409 659:
506 319 551 408 rit
563 344 694 426 quidem
712 346 785 410 illuc
803 347 925 411 aetatis.
934 347 988 428 qui
1003 347 1054 423 sit,
1072 365 1139 410 non
1152 346 1295 410 invenies
1307 345 1442 410 alterum

511 447 712 529 Lepidiorem
746 449 788 513 ad
819 449 923 514 omnis
951 469 1002 513 res
1031 468 1092 513 nec
1121 450 1222 530 magis
1256 449 1310 531 qui
1339 449 1443 516 amico

606 552 728 616 amicus
751 553 801 618 sit.

235 651 334 716 Poen.
359 654 440 718 582:
572 657 621 718 tot
644 655 774 736 quidem

461 756 536 820 Non
557 758 691 839 potuisti
721 757 881 822 adducere
907 758 1055 824 homines
1077 759 1179 841 magis
1207 759 1248 823 ad
1269 759 1352 824 hanc
1376 780 1444 824 rem

555 859 699 924 idoneos.

237 962 329 1028 Cure.
355 963 431 1027 lul:
465 964 550 1028 Nam
572 963 629 1028 tibi
651 963 863 1046 propitiantes
886 970 1033 1030 amantes
1060 966 1169 1030 vinum
1194 966 1272 1030 dant
1293 969 1445 1048 potantes

462 1067 598 1131 Omnes:
628 1068 706 1130 mihi
731 1067 820 1131 haud
849 1088 946 1151 saepe
969 1072 1110 1133 evenunt
1138 1069 1219 1133 tales
1240 1069 1444 1134 hereditates.

236 1170 351 1234 Bacch.
375 1171 454 1235 982:
586 1171 670 1247 Quid
692 1172 757 1234 ait?
779 1171 814 1241 ἐξ)
836 1171 979 1235 Verbum

475 1273 606 1337 Nullum
629 1274 713 1338 fecit.

151 1375 212 1461 (Cf.
235 1396 333 1458 supra
356 1396 387 1459 p.
411 1377 477 1459 46.)

531 1549 567 1612 Β.
591 1549 643 1639 in
665 1549 846 1613 senariis
868 1549 1066 1614 iambicis.

236 1669 353 1733 Pseud.
378 1669 435 1733 771
589 1670 645 1733 ubi
667 1690 727 1752 ego
750 1669 900 1734 omuibus

483 1772 594 1837 Parvls
616 1774 806 1855 magnisque
829 1773 1009 1839 ministeriis
1032 1776 1235 1857 praefulcior.

238 1877 390 1942 Similiter
411 1877 530 1959 Amph.
557 1878 648 1942 1132.
677 1877 768 1958 Epid.
792 1878 865 1940 577.
889 1876 988 1941 Poen.
1011 1880 1085 1943 499.

236 1980 329 2046 Most.
353 1981 430 2043 539:
465 1980 690 2045 Scelestiorem
713 2000 772 2062 ego
796 1999 918 2043 annum
940 1986 1075 2063 argento
1098 1982 1221 2047 faenori

462 2082 638 2166 Nunquam
661 2084 761 2148 ullum
784 2083 857 2147 vidi.

545 2256 577 2320 h.
612 2255 847 2320 numeralia
869 2257 1048 2339 propria.

486 2377 525 2439 A.
560 2376 601 2439 in
624 2376 819 2441 versibus
841 2376 1111 2458 longioribus

237 2481 403 2571 Milglor.
429 2481 507 2544 763:
638 2481 726 2544 haud
749 2486 991 2544 centensumam

536 2582 666 2646 Partem
690 2583 763 2647 dixi.
810 2582 871 2667 (Cf.
896 2582 988 2664 Capt.
1011 2585 1098 2662 lul.)

237 2687 336 2752 Stich.
360 2688 441 2752 539:
574 2687 601 2749 ei
624 2686 708 2750 filiae

473 2790 563 2885 Duae
586 2794 687 2867 erant,
712 2788 803 2871 quasi
825 2809 911 2853 nunc
933 2809 1026 2853 meae
1048 2784 1132 2853 sunt.
1167 2787 1228 2874 (Cf.
1246 2788 1336 2871 Epid.
1360 2788 1448 2873 736.)

530 2964 566 3026 Β.
600 2964 641 3026 in
664 2961 843 3026 senariis
865 2961 1069 3026 iambicis

238 3085 326 3148 Trin.
352 3085 431 3148 774:
562 3083 644 3146 ferat
668 3082 819 3163 epistulas
1385 3148 1391 3157 ,

454 3187 558 3250 Duas:
594 3189 648 3249 eas
671 3204 731 3249 nos
754 3186 988 3268 consignemus,
1013 3187 1104 3268 quasi
1126 3186 1189 3250 sint
1212 3205 1232 3250 a
1253 3189 1355 3267 patre.

153 3293 213 3377 (Cf.
237 3290 322 3355 Rud.
350 3292 419 3356 128.
451 3290 546 3353 Most.
571 3289 657 3372 775.)

238 3396 336 3460 Stich.
362 3396 440 3460 168:
476 3394 587 3459 Solere
610 3393 818 3474 elephantum
840 3393 1006 3474 gravidam
1028 3395 1204 3475 perpetuos
1227 3392 1339 3456 decem

476 3499 553 3562 Esse
576 3497 690 3561 annos.

153 3673 185 3741 3.
219 3671 429 3741 Pronomeu
452 3667 711 3755 possessivum
734 3687 757 3738 a
778 3686 848 3737 suo
872 3665 1040 3753 positivo
1063 3684 1180 3736 versu
1203 3665 1447 3754 disiungitur.

486 3791 525 3854 Α.
559 3791 600 3854 in
620 3789 811 3853 versibus
834 3788 1109 3870 longioribus

239 3912 326 3976 Trin.
354 3913 451 3976 1143:
582 3914 619 3975 ut
641 3910 724 3974 filius

475 4016 574 4092 Tuos,
599 4013 729 4096 quando
752 4013 796 4077 illi
818 4032 838 4076 a
859 4031 912 4075 me
935 4011 1057 4087 darem,
1081 4029 1150 4074 esse
1173 4009 1319 4074 adlatum
1341 4010 1373 4073 id
1391 4030 1449 4091 aps

568 4121 601 4180 te
625 4116 779 4180 crederet.
825 4114 887 4198 (Cf.
914 4116 1018 4193 1147.)

238 4221 355 4285 Pseud.
380 4222 457 4285 649:
568 4221 623 4301 qui
637 4224 806 4300 argentum
818 4218 959 4282 adferret
970 4222 1069 4299 atque
1081 4236 1265 4298 expressam
1277 4216 1450 4298 imaginem

477 4324 579 4387 Suam
592 4323 615 4406 1)
638 4322 702 4386 huc
724 4324 767 4387 ad
788 4343 866 4395 nos,

241 4514 263 4582 Ι)
290 4514 388 4568 Hiatus
406 4519 468 4582 post
486 4532 565 4568 cuam
583 4529 663 4581 quem
683 4512 804 4580 offendit,
823 4512 924 4566 scribat
947 4521 1078 4582 sucoque,
1103 4511 1177 4579 quod
1201 4511 1345 4564 Theodoro
1364 4509 1448 4564 Birtio

155 4601 248 4655 debeo.
