3286 5198
791 111 833 175 60

255 311 316 380 Mil.
341 314 419 397 glor.
444 318 520 382 iii:
555 291 614 396 rit,
645 319 671 383 si
697 319 759 383 illic
782 317 1029 381 concriminatus
1057 316 1098 380 sit
1119 316 1293 380 advorsum
1316 316 1476 394 militem,

551 421 641 486 Meus
664 440 852 498 conservos,
883 440 918 485 se
948 439 1021 484 eam
1046 419 1162 483 vidisse
1183 418 1236 484 hic
1258 438 1332 484 cum
1358 420 1476 484 alieno

668 524 849 588 oscularier.

170 615 250 685 Huic
273 622 344 688 loco
368 626 482 690 eadem
510 631 558 691 est
584 627 680 703 ratio,
709 627 769 691 nisi
799 627 887 709 quod
907 627 959 691 hic
983 644 1164 707 pronomen
1192 625 1262 689 illic
1288 627 1475 708 antecepit,

169 718 230 787 illic
253 726 352 808 (Trin.
376 730 452 813 950)
475 750 656 811 pronomen
677 731 767 795 illum
789 749 909 795 nomen
931 732 1075 794 renovat.

255 826 319 895 Mil.
343 831 422 912 glor.
444 833 523 897 431:
654 853 696 897 ne
719 834 801 898 clam
823 833 983 916 quispiam

543 935 611 1000 Nos
634 937 809 1001 vicinorum
832 936 1033 1019 inprudentis
1055 935 1169 1018 aliquis
1191 935 1411 1001 inmuteravit.

170 1027 218 1094 Cf.
247 1033 331 1099 infra
357 1038 445 1102 Asin.
471 1040 542 1105 785.
592 1040 725 1104 Bothius
755 1044 788 1104 et
816 1038 1008 1104 Ritschelius
1038 1041 1196 1124 quispiam
1226 1057 1294 1102 non
1323 1037 1475 1104 ferentes

170 1135 333 1219 quidpiam
355 1140 406 1203 vel
430 1145 571 1227 quipiam
593 1143 772 1219 voluerunt,
796 1143 884 1224 quod
905 1141 973 1205 iure
996 1160 1054 1205 suo
1077 1142 1185 1206 reiecit
1207 1143 1341 1209 Brixius.

543 1349 579 1416 B.
614 1350 653 1414 in
675 1348 860 1414 senariis
882 1347 1080 1412 iambicis,

257 1462 373 1528 Pseud.
397 1468 476 1532 808:
606 1489 659 1534 me
681 1488 778 1533 nemo
800 1472 908 1550 potest

504 1571 633 1637 Minoris
656 1573 827 1654 quisquam
849 1591 985 1636 nummo
1007 1574 1044 1635 ut
1066 1591 1196 1653 surgam
1218 1572 1377 1656 subigere.

257 1664 321 1734 Mil.
344 1671 424 1752 glor.
447 1674 504 1740 25:
634 1676 684 1740 vel
707 1675 879 1758 elephanto
902 1676 935 1739 in
957 1675 1048 1739 India
1163 1728 1165 1733 .

533 1779 605 1857 Quo
627 1783 724 1862 pacto
748 1779 777 1842 ei
791 1777 814 1862 ¹)
837 1798 947 1860 pugno
970 1778 1171 1860 praefregisti
1192 1778 1392 1847 bracchium.

406 1881 501 1946 1293:
534 1882 618 1948 Nam
647 1883 778 1964 quaevis
805 1882 881 1959 alia,
915 1901 998 1964 quae
1027 1887 1151 1947 morast
1178 1901 1297 1964 aeque,
1334 1885 1470 1969 moram

533 1986 638 2050 Minor
667 1990 706 2050 eo
727 1985 854 2050 videtur
876 2004 975 2067 quam
999 2004 1082 2067 quae
1104 1989 1238 2067 propter
1255 1985 1468 2052 mulieremst.

257 2078 347 2148 Asin.
372 2088 448 2153 785:
579 2109 620 2154 ne
643 2089 720 2171 quid
741 2089 790 2153 sui

484 2192 620 2257 Membrr'
642 2195 835 2257 conmoveat
858 2191 1030 2273 quicquam
1052 2192 1085 2255 in
1107 2192 1259 2256 tenebris.

259 2283 408 2358 Fortasse
431 2300 564 2378 quaeret
586 2297 759 2378 quispiam,
783 2315 840 2360 cur
860 2295 941 2360 haec
964 2315 1023 2377 ego
1046 2295 1218 2359 attulerim.
1262 2296 1365 2361 Attuli
1387 2317 1469 2362 sane

172 2398 239 2446 non
259 2407 324 2469 quo
347 2399 511 2464 crederem
541 2418 722 2481 pronomen
753 2399 816 2463 hoc
833 2399 948 2463 modo
980 2401 1197 2471 πλεοναστικῶς
1225 2400 1368 2481 positum
1398 2420 1469 2464 non

171 2481 256 2552 bene
273 2513 382 2564 versus
401 2502 465 2569 fine
481 2503 583 2581 avelli,
606 2503 664 2568 sed
681 2502 770 2585 quod
789 2501 867 2567 illud
883 2503 990 2582 potius
1007 2502 1195 2580 offenderet,
1217 2503 1245 2566 si
1260 2522 1372 2567 versus
1393 2503 1470 2568 finis

172 2605 239 2654 non
269 2596 494 2686 intercederet,
524 2607 713 2689 praesertim
736 2606 762 2669 si
784 2605 957 2687 positivum
984 2608 1016 2668 et
1043 2604 1108 2669 tale
1134 2624 1317 2686 pronomen
1342 2607 1376 2671 in
1398 2627 1468 2673 uno

172 2696 277 2761 metro
307 2710 376 2770 arte
406 2710 647 2776 collocarentur.
697 2709 800 2773 Huius
828 2709 873 2772 rei
902 2727 1004 2772 unum
1031 2708 1253 2790 gravissimum
1281 2710 1469 2792 exemplum

173 2799 263 2864 extat
281 2802 380 2875 Poen.
401 2815 498 2880 1069:
521 2815 619 2878 Pater
641 2820 710 2877 tuos
732 2815 760 2877 is
783 2819 850 2876 erut
871 2811 976 2894 frater
991 2812 1149 2896 patruelis
1170 2833 1265 2896 meus,
1288 2812 1344 2877 ubi
1361 2813 1417 2895 qui
1440 2817 1469 2879 is

172 2894 328 2974 librorum
349 2915 441 2994 tollit,
463 2937 592 2981 versum
615 2935 693 2980 sane
715 2935 781 2979 non
804 2914 970 2979 meliorem
991 2914 1106 2980 reddit.

297 3131 332 3202 2.
363 3137 577 3210 Numerulis
599 3158 622 3208 a
644 3137 725 3208 suis
747 3136 926 3224 positivis
948 3157 1065 3208 versu
1085 3143 1345 3211 secernuntur.

556 3315 584 3358 a.
617 3293 838 3358 numeralia
860 3293 1084 3377 impropria.

513 3451 552 3513 A.
586 3450 623 3513 in
646 3449 827 3514 versibus
849 3448 1124 3530 longioribus.

261 3561 348 3630 Trin.
374 3570 471 3634 1046:
602 3589 679 3634 nam
700 3569 733 3642 id
755 3589 855 3651 genus
877 3568 1046 3633 hominum
1067 3568 1289 3656 hominihustt

495 3648 660 3737 I'Jnivorsis
677 3676 725 3737 est
743 3671 917 3736 advorsum
936 3676 1033 3754 atque
1051 3673 1139 3736 omni
1150 3674 1271 3755 populo
1285 3675 1370 3739 male
1381 3675 1469 3741 facit.

174 3761 421 3840 Animadvertas
448 3780 580 3858 poetam
607 3777 718 3841 ludere
745 3774 950 3839 similitudine
977 3776 1150 3839 verborum
1178 3779 1335 3842 univorsis
1357 3782 1389 3842 et
1411 3781 1470 3844 ad-

175 3888 314 3951 vorsum3
349 3879 445 3944 etiarn
467 3881 627 3944 homiuum
648 3879 825 3944 homiuibus
849 3879 970 3942 comice
993 3878 1114 3943 dictum
1137 3883 1195 3943 est.

262 3974 325 4043 Mil.
348 3983 427 4065 glor.
451 3984 529 4049 988:
563 3959 671 4065 Atque
694 4002 753 4064 ego
775 3982 819 4045 illi
841 3981 960 4062 aspicio
981 3982 1177 4046 osculantem
1197 3981 1470 4050 Philocomasium

675 4106 748 4150 cum
770 4085 872 4149 altero

563 4189 745 4271 Nescioquo
768 4187 982 4252 adulescente.

176 4278 348 4354 Lorenzius
370 4291 403 4356 in
425 4293 489 4357 fine
511 4294 626 4375 prioris
648 4311 759 4356 versus
784 4290 939 4367 distinxit3
963 4291 1051 4373 quod
1073 4311 1140 4356 non
1162 4312 1293 4373 prorsus
1312 4292 1469 4375 displicet.

265 4490 287 4559 ¹)
314 4500 339 4548 ei
357 4514 410 4552 om.
430 4498 485 4556 Pal.
504 4504 531 4552 et
548 4498 724 4554 Ritschelius!

265 4575 288 4647 ²)
307 4587 431 4637 omnibus
447 4584 507 4638 libri
525 4590 631 4654 praeter
648 4585 668 4638 Z
688 4600 796 4649 omnes;
816 4589 878 4638 ante
895 4587 1048 4639 homiuibus
1065 4584 1164 4640 hiatur.
