3286 5198
756 133 795 197 21

218 334 309 418 Capt.
334 335 412 402 776:
446 335 540 402 Nunc
570 338 613 403 ad
635 357 746 404 senem
774 358 903 404 cursum
926 358 1093 421 capessam
1120 339 1207 404 hunc
1234 339 1426 422 Hegionem,

649 442 727 524 quoi
748 442 827 506 boni

450 543 623 609 Tantum
640 544 763 623 adiero,
786 550 986 628 quantum
1003 546 1072 628 ipse
1087 566 1107 611 a
1123 546 1203 610 divis
1221 549 1314 629 optat
1328 549 1427 631 atque

649 651 747 715 etiam
770 649 916 732 amplius.

215 750 309 818 Most.
333 752 396 817 599
410 750 452 836 ll:
714 753 799 833 Quin
821 772 889 818 non
910 757 988 836 peto

445 855 621 934 Sortem3
650 857 724 923 illuc
744 857 885 940 primum
907 857 1056 922 faenus
1081 856 1316 922 reddundumst
1338 857 1424 924 mihi.

129 958 182 1024 Sic
210 978 251 1023 ex
279 959 349 1024 cod.
378 958 642 1024 ascribendum
675 964 738 1036 est3
776 960 866 1025 locus
896 959 1021 1043 legatur
1046 960 1135 1043 apud
1162 958 1345 1042 Ussingium
1374 960 1425 1025 vel

128 1062 217 1145 apud
240 1061 502 1127 Studemundum
526 1063 571 1148 (in
585 1063 774 1147 apographo
787 1063 939 1149 cod.A.);
973 1064 1005 1128 in
1027 1063 1180 1128 Palatinis
1202 1063 1287 1128 enim
1310 1064 1426 1129 desunt

128 1165 161 1230 hi
183 1185 303 1230 versus.

214 1268 308 1337 Most.
332 1269 414 1335 626:
570 1269 672 1336 Huice
695 1270 793 1336 debet
814 1270 1016 1337 Philolaches

430 1372 614 1440 Paulum.
648 1373 682 1442 ssss
716 1373 986 1453 Quantillum?
1023 1374 1057 1443 ssi
1092 1374 1425 1459 Quasiquadraginta

544 1496 658 1543 mmas.

128 1581 250 1646 Locum
274 1580 393 1645 inistra
415 1581 586 1662 temptavit
607 1580 809 1647 Ritschelius.

79 1754 80 1758 ,
214 1683 307 1751 Most.
318 1684 397 1748 775:
419 1683 640 1748 Alexandrum
652 1704 807 1766 magnum
817 1689 916 1768 atque
924 1683 1138 1768 Agathoclem
1152 1685 1243 1750 aiunt
1254 1704 1424 1752 maxumas

418 1785 504 1851 Duo
527 1790 578 1852 res
600 1787 748 1870 gessisse:
782 1789 860 1870 quid
881 1789 959 1854 mihi
981 1789 1038 1853 fiet
1058 1789 1193 1855 tertio.

215 1890 278 1957 Mil.
302 1890 381 1973 glor.
406 1891 486 1955 508:
519 1888 616 1968 Quod
638 1891 853 1957 concubinam
875 1892 984 1958 erilem
1006 1891 1190 1957 insimulare
1212 1911 1309 1957 ausus
1331 1912 1365 1956 es

518 1992 667 2058 Probri
687 1995 885 2078 pudicam
907 2015 1024 2078 meque
1045 1994 1164 2061 summi
1185 1994 1293 2078 flagiti.

215 2096 278 2160 Mil.
301 2095 380 2179 glor.
405 2096 482 2162 701:
515 2095 555 2161 Di
575 2097 634 2161 tibi
656 2099 786 2181 propitii
808 2102 899 2164 sunt:
928 2118 1006 2163 nam
1027 2099 1134 2163 hercle
1156 2098 1183 2163 si
1204 2098 1300 2164 istam
1322 2100 1423 2164 semel

645 2201 790 2267 amiseris

505 2303 760 2382 Libertatem,
794 2305 881 2370 haud
915 2304 1007 2370 facile
1038 2304 1072 2369 in
1103 2303 1277 2390 eundem2)
1311 2325 1422 2371 rusum

644 2408 794 2472 restitues
817 2407 935 2472 locum.

126 2511 179 2575 Ad
201 2511 337 2576 verbum
359 2513 502 2577 restitues
524 2510 782 2575 subaudiendum
806 2514 854 2576 cst
876 2511 1062 2588 libertatem
1096 2511 1184 2593 quod
1206 2510 1309 2576 multo
1332 2511 1416 2576 diiii·

127 2613 216 2678 cilius
239 2613 382 2696 potuisse
405 2615 474 2680 fieri
496 2617 649 2697 apparet,
679 2614 706 2677 si
732 2613 823 2677 verbi
845 2613 947 2695 gratia
973 2614 1018 2678 sic
1040 2613 1218 2695 scripsisset
1240 2618 1355 2696 poeta:

515 2736 593 2782 nam
614 2715 722 2781 hercle
744 2716 771 2781 si
792 2715 976 2781 libertatem
998 2716 1099 2781 semel

428 2819 618 2898 Perdideris,
641 2838 709 2884 non
732 2818 823 2884 facile
846 2820 879 2883 in
902 2819 1042 2884 eundem
1063 2840 1089 2886 r.
1112 2840 1136 2886 r.
1160 2820 1181 2883 l.

126 2922 209 2987 Rem
231 2923 363 2989 minime
384 2923 539 2989 intellexit
560 2921 782 2988 Palatinorum
803 2922 962 3001 redentor,
986 2922 1040 3005 qui
1062 2930 1090 2988 te
1111 2923 1252 2990 insemit.

212 3026 307 3092 Truc.
329 3028 409 3093 421:
444 3026 555 3092 Postid
578 3046 638 3109 ego
661 3030 779 3112 tecum,
798 3046 873 3092 mea
897 3025 1053 3108 voluptas,
1075 3046 1178 3108 usque
1200 3047 1255 3092 ero

438 3130 631 3197 Adsiduo.
649 3128 683 3199 tss
699 3129 803 3194 lmmo
822 3129 929 3194 hercle
949 3149 1026 3235 vero
1049 3130 1236 3195 adcubuo
1259 3131 1419 3200 mavelim.

695 3249 850 3259 ——

211 3337 301 3402 Haec
328 3337 394 3401 fere
424 3336 539 3415 habui,
570 3356 653 3418 quae
684 3337 717 3401 in
741 3337 924 3402 universum
952 3335 1134 3401 haedere
1157 3336 1306 3405 dicerem.
1351 3337 1420 3402 lam

126 3441 237 3523 paucis
260 3460 432 3523 exponam,
455 3459 536 3522 quas
558 3440 700 3505 rationes
721 3441 755 3505 in
777 3440 931 3522 exemplis
951 3459 969 3504 e
991 3438 1107 3504 fabulis
1129 3439 1311 3505 Plauti-
1325 3440 1419 3506 huius

125 3543 328 3626 potissimum
351 3542 499 3625 exemplo
521 3545 596 3607 utar
609 3542 847 3626 -colligendis
868 3546 966 3625 atque
989 3542 1175 3607 ordinandis
1197 3546 1326 3607 secutus
1347 3543 1417 3608 sim.

210 3648 355 3713 Primum
371 3647 466 3728 igitur
483 3665 557 3711 cum
575 3646 608 3710 in
624 3647 712 3712 varia
731 3666 881 3712 versuum
897 3665 1016 3728 genera
1034 3646 1165 3710 minime
1183 3646 1298 3710 eadem
1314 3646 1419 3711 valeat
1446 3660 1581 3756 menograo

123 3750 176 3815 lex
211 3787 250 3798 —
286 3750 375 3832 quod
401 3753 438 3813 ut
466 3769 564 3832 supra
594 3748 791 3815 Graecorum
818 3748 968 3831 exemplo
1000 3748 1222 3831 comprobavi,
1256 3749 1301 3815 ita
1330 3749 1417 3831 apud
1446 3725 1579 3810 ⁸332&

123 3853 255 3919 Latinos
278 3872 408 3936 quoque
428 3856 543 3934 poetas
564 3853 633 3917 fieri
650 3873 670 3917 a
688 3853 844 3936 principio
861 3853 935 3917 lieet
954 3852 1106 3934 suspicari
1130 3873 1171 3898 ·-
1193 3852 1273 3918 haec
1290 3852 1418 3918 distinxi
1467 3827 1564 3870 genera

123 3976 243 4040 genera
265 3957 341 4022 tria:

210 4060 233 4127 l.
268 4079 403 4124 versus
425 4060 646 4143 longiores,

124 4183 188 4246 quo
211 4164 343 4228 nomine
365 4163 564 4245 septenarios
583 4160 764 4226 trochaicos
782 4166 814 4226 et
832 4162 987 4227 iambicos
1007 4160 1278 4246 comprehendi,³)
1302 4162 1418 4244 quibus

212 4335 232 4403 1)
259 4336 318 4389 588.
345 4334 449 4403 Usingii
467 4335 508 4393 ed.

211 4422 232 4488 ²)
261 4423 337 4476 Inte
356 4420 546 4475 eundumPal.

209 4506 232 4575 ³)
260 4508 423 4576 Quanquam
446 4507 558 4561 minime
581 4523 625 4561 me
642 4507 769 4575 praeterit
791 4507 954 4577 quibusdam
976 4507 1005 4560 in
1022 4507 1103 4561 rebus
1127 4523 1174 4560 eos
1191 4522 1298 4572 versus,
1324 4506 1416 4575 quiin

122 4595 281 4649 trochaeum
298 4597 397 4647 exeunt
414 4593 492 4662 (sept.
509 4592 592 4647 iamb.
611 4599 638 4646 et
651 4593 838 4661 anapaesticos
853 4597 880 4647 et
893 4593 916 4647 si
931 4593 1000 4647 forte
1014 4610 1084 4662 quos
1099 4593 1211 4647 afferam
1226 4597 1316 4650 octon.
1330 4592 1416 4646 troch.
