3286 5198
745 97 898 194 —ra—

181 269 266 389 Libri
304 278 410 356 priore
449 307 545 357 versu
589 316 701 364 omnes
742 303 907 367 exhibent:
951 303 1097 381 locedii,
1141 306 1211 367 tum
1255 302 1360 386 coemi
1369 299 1394 386 ¹)
1435 299 1474 377 Β,

182 376 262 490 apclz
284 374 360 458 Οὓς
384 385 487 456 altero
516 416 611 464 versu
639 403 788 483 praebet:
831 406 873 469 A:
899 407 974 472 valia
1003 428 1024 469 κ
1039 427 1102 470 κα
1129 405 1196 470 fere
1226 403 1320 469 cerlis
1347 401 1475 482 litteris,

180 476 312 664 {3133an
329 503 544 579 evanuerunt3
587 503 631 568 B:
660 510 734 573 velie
771 510 825 595 (ex
853 513 938 575 utute
969 510 1064 595 corr.)
1094 517 1129 574 ut
1150 511 1236 593 fer03
1281 505 1358 572 CD:
1389 507 1477 571 caeli

267 685 315 755 Cf.
337 692 425 765 Trin.
450 704 523 773 660.
569 710 684 780 Pseud.
708 716 781 780 ott.
825 717 888 784 Mil.
911 717 990 801 glor.
1013 717 1086 783 ΜΕ).
1111 716 1183 782 725.

314 967 320 980 .
555 882 591 950 B.
626 885 667 950 in
688 890 869 954 senariis
891 889 1092 954 iambicis.

267 964 354 1037 Trrn.
379 974 460 1043 555:
616 1010 693 1056 cave
715 992 757 1057 sis
780 993 895 1058 dixeris

481 1084 533 1153 Me
554 1091 612 1156 tibi
635 1095 750 1162 dixisse
771 1097 843 1164 hoc.

381 1183 459 1252 778:
483 1189 589 1276 Seque
610 1199 726 1264 aurum
747 1201 829 1265 ferre
851 1199 963 1283 virgini
985 1199 1097 1264 dotem
1119 1218 1139 1263 a
1162 1200 1254 1280 patre

482 1294 584 1378 Dicat,
605 1306 794 1386 patremque
816 1304 849 1369 id
870 1303 998 1369 iussisse
1019 1322 1135 1368 aurum
1156 1302 1215 1366 tibi
1237 1301 1324 1366 dare.

269 1385 385 1458 Pseud·
408 1393 489 1462 464:
646 1410 683 1470 ut
703 1411 739 1472 tu
762 1427 893 1473 censeas

304 1595 311 1610 ι
517 1503 589 1571 Non
611 1508 815 1590 Pseddolum
838 1511 895 1576 sed
917 1509 1084 1576 Socratem
1106 1512 1215 1572 tecum
1236 1505 1334 1589 loqui.

269 1596 333 1667 Mll·
357 1598 441 1681 8¹⁰r.¹
459 1605 517 1671 31:
646 1633 687 1678 ne
709 1615 815 1680 hercle
837 1633 955 1695 operae
977 1612 1117 1695 pretium
1140 1610 1300 1694 quidemst

548 1715 624 1782 Mihi
645 1722 678 1784 te
699 1739 840 1798 narrare,
862 1723 935 1783 tuas
958 1717 1012 1800 qui
1033 1716 1167 1780 virtutes
1189 1714 1297 1779 sciam.

439 1816 516 1883 553:
551 1820 590 1886 ut
612 1826 664 1887 me
686 1823 824 1905 despexe
846 1822 888 1888 ad
910 1825 943 1887 te
964 1840 1023 1903 per
1044 1818 1222 1901 inpluvium
1243 1821 1335 1881 tuom

553 1925 669 1992 Fateor
692 1927 743 2013 (cf.
755 1948 788 2010 p.
803 1928 868 2013 20).

269 2025 317 2094 cf,
342 2019 527 2108 Trin4551.
552 2030 623 2097 809.
668 2031 783 2096 Pseud.
807 2032 879 2098 901.
906 2031 998 2097 1089.

245 2220 283 2301 ΙΙ.
323 2216 630 2300 accusatricem
659 2221 823 2303 infinitivo
851 2219 1072 2302 constructio
1099 2237 1206 2299 vorsu
1235 2215 1409 2296 dissecto.

269 2358 342 2423 Hoc
370 2352 443 2418 loco
471 2356 578 2421 omnia
605 2377 644 2423 ea
666 2358 812 2440 exempla
834 2357 944 2440 posui,
974 2355 1029 2420 ubi
1052 2353 1154 2420 altero
1177 2372 1272 2418 versu
1294 2351 1477 2416 subiectum

183 2477 250 2528 acc.
275 2480 301 2529 c.
324 2457 393 2536 inl,
416 2456 517 2523 altero
539 2461 674 2526 verbum
695 2461 854 2525 infinitum
878 2463 975 2525 extat.
1572 2538 1575 2545 ‚

274 2567 301 2630 1.
345 2561 451 2631 Minus
473 2561 638 2630 offendent
653 2585 692 2630 ea
714 2565 871 2648 exempla,
895 2563 950 2628 uhi
972 2561 1152 2628 subiectum
1173 2579 1241 2625 acc.
1254 2579 1280 2626 c.
1293 2559 1348 2625 inf.
1369 2557 1477 2623 solum

185 2669 396 2750 antecaptum
418 2683 491 2728 cum
513 2667 612 2732 verbo
635 2668 758 2751 regenti
779 2668 879 2733 artius
902 2665 1116 2747 coniungitur.
1161 2662 1253 2728 Talia
1274 2665 1366 2727 sunt:

531 2839 568 2906 A.
603 2840 641 2904 in
662 2840 843 2905 versibus
865 2837 1122 2921 longioribus.

273 2940 337 3012 Mil,
359 2939 437 3022 glor.
462 2941 540 3006 255:
695 2945 780 3009 intro
798 2943 856 3009 abi
868 2961 954 3024 ergo,
978 2944 1011 3005 et
1026 2941 1053 3005 si
1068 2939 1150 3005 istist
1166 2937 1291 3016 mulier,
1314 2957 1386 3002 eam
1401 2936 1479 3001 iube

564 3044 635 3112 Cito
659 3047 793 3112 domum
813 3046 960 3111 transire.

469 3148 547 3213 792:
582 3148 694 3232 Capite
734 3152 864 3232 compto
902 3147 996 3213 crinis
1034 3147 1194 3227 vittasque
1232 3143 1352 3209 habeat
1390 3140 1478 3207 adsi-

665 3252 829 3336 muletque
852 3273 887 3317 se

582 3355 686 3421 Tuam
710 3376 779 3421 esse
800 3375 946 3420 uxorem.

468 3459 548 3524 885:
704 3480 780 3525 nam
802 3479 862 3542 ego
886 3457 1004 3523 multos
1026 3474 1124 3538 saepe
1145 3454 1210 3518 vidi

582 3564 761 3647 Regionem
794 3563 904 3645 fugere
934 3560 1063 3636 consili,
1097 3557 1285 3640 priusquam
1316 3556 1479 3636 repertam

665 3668 831 3734 haherent.

577 3824 613 3891 Β.
648 3826 686 3890 in
707 3823 878 3889 senariis
900 3818 1091 3886 iambicis.

276 3925 364 3991 Trin.
388 3925 467 3990 ult:
501 3927 612 3993 Omnis
634 3927 779 3993 mortalis
800 3927 887 3991 hunc
909 3923 1039 3988 aiebant
1061 3919 1223 3986 Calliclem

501 4031 671 4114 Indignum
694 4031 820 4096 civitate
843 4047 882 4092 ac
904 4045 974 4091 sese
996 4025 1112 4092 vivere.

388 4135 470 4200 433:
626 4134 741 4217 edepol
764 4152 805 4196 ne
827 4151 887 4214 ego
909 4131 1006 4195 istum
1028 4129 1123 4193 velim

502 4238 609 4303 Meum
632 4238 700 4303 fieri
722 4255 850 4302 servom
873 4253 947 4298 curn
969 4253 1028 4298 suo
1050 4230 1186 4314 peculio.

276 4341 392 4408 Pseud.
416 4343 496 4407 559:
652 4341 709 4406 sed
731 4344 764 4404 te
785 4338 859 4402 volo

513 4446 608 4510 Domi
630 4447 732 4526 risque
754 4442 877 4507 adesse.

280 4583 301 4652 Ι)
328 4583 444 4637 litterae
462 4601 503 4638 cco
520 4598 535 4635 e
553 4597 620 4635 corr.
