3286 5198
799 89 843 151 44

261 295 322 361 Mil.
348 295 425 377 glor.
453 296 529 359 182:
563 272 577 359 l
605 296 682 373 seiS,
712 295 787 360 iube
810 295 946 360 transire
968 295 1031 359 huc
1050 299 1208 377 quantum
1230 295 1347 376 possit,
1379 316 1414 360 se
1438 301 1477 359 ut

640 400 772 464 videant
794 399 882 462 domi

563 503 760 567 Familiares:
784 502 844 565 nisi
866 501 996 584 quidem
1018 501 1136 567 illa...

435 606 535 669 1152:
693 606 719 668 si
741 607 955 686 praesenserit

561 708 661 785 Miles,
685 708 763 772 nihil
786 709 898 783 ecferri
919 709 1039 789 poterit
1061 707 1164 772 huius.

436 814 531 877 1211:
564 813 686 876 Saltem
709 813 741 875 id
762 813 861 894 volup
884 816 945 889 est,
976 831 1076 893 quom
1098 827 1138 875 ex
1159 811 1277 876 virtute
1299 812 1474 896 formaque

641 916 746 979 evenit
767 915 825 979 tibi

561 1018 633 1082 Mea
657 1038 757 1099 opera
778 1038 875 1099 super
897 1017 958 1081 hac
979 1017 1094 1083 vicina.

560 1191 596 1258 Β,
632 1191 671 1253 in
694 1189 871 1254 senariis
894 1189 1089 1256 iambicis,

259 1312 346 1378 Trin.
374 1312 452 1376 169:
486 1310 669 1375 Adesurivit
692 1314 724 1372 et
746 1308 878 1373 inhiavit
901 1310 1003 1373 acrius

485 1415 611 1495 Lupus:
634 1412 826 1488 dbservavit,
850 1412 928 1476 dum
951 1413 1139 1477 dormitaret
1162 1433 1267 1484 canes,

172 1519 226 1583 Sic
248 1518 508 1600 distinguendum
537 1520 585 1581 est
608 1536 681 1580 oum
703 1516 870 1597 Ussingi03
901 1516 994 1596 plura
1016 1516 1089 1580 vide
1111 1517 1208 1595 infra,
1238 1521 1295 1584 ubi
1319 1522 1471 1604 exempla

174 1621 412 1703 comprehendi.

258 1725 345 1790 Trin.
371 1725 450 1788 745:
606 1722 680 1785 huie
703 1722 841 1785 ducendi
862 1721 985 1786 interea
1007 1726 1196 1804 apscesserit

484 1824 622 1889 Lubid0:
646 1824 735 1906 atqui
757 1844 795 1888 ea
818 1824 962 1888 condicio
985 1826 1036 1889 vel
1057 1827 1249 1908 primariast.

257 1929 320 1996 Mil.
345 1930 424 2011 glor,
452 1929 550 1993 1391:
585 1927 647 2004 Qui
674 1929 778 1990 omnis
801 1947 836 1990 se
858 1947 968 1991 amare
991 1929 1107 2008 eredit,
1135 1950 1282 2014 quaeque
1305 1936 1470 2015 aspexerit

587 2030 713 2107 Mulier,
743 2050 840 2111 quern
869 2029 1006 2094 oderunt
1034 2052 1098 2112 qua
1127 2034 1186 2097 viri
1214 2055 1278 2116 qua
1306 2037 1468 2106 mulieres

682 2133 734 2218 (cf.
758 2133 853 2198 Mero.
879 2133 1016 2218 623sq.)

255 2257 353 2320 Posui
381 2256 476 2339 igitur
509 2260 637 2337 septem
661 2254 809 2335 exempla
845 2255 1012 2338 (quattuor
1038 2276 1056 2320 e
1085 2258 1229 2322 versibus
1256 2259 1468 2342 longioribus,

170 2360 232 2424 tria
257 2382 274 2424 e
300 2360 431 2424 senariis
454 2358 614 2442 repetita),
642 2358 697 2422 ubi
720 2358 899 2422 subiectum
918 2358 1075 2441 reliquam
1097 2362 1289 2427 sententiam
1312 2366 1468 2446 sequitur.

170 2465 282 2546 Neque
311 2482 392 2545 opus
423 2467 471 2527 est
497 2463 642 2544 pluribus
672 2466 728 2526 aut
758 2460 911 2542 exemplis
940 2465 996 2526 aut
1024 2462 1139 2542 verbis.
1194 2465 1347 2531 Videmus
1379 2470 1469 2534 enirn

170 2568 337 2650 quinquies
360 2567 539 2632 subiectum
561 2587 627 2631 uno
647 2565 807 2631 vocabulo
837 2585 1025 2646 expressum
1052 2566 1085 2629 in
1111 2567 1213 2632 altero
1243 2590 1337 2634 versu
1359 2571 1469 2638 solum

171 2674 290 2747 extare,
310 2671 409 2734 itaut
428 2674 502 2752 post
521 2671 742 2752 distinguatur.
788 2670 835 2732 Ex
850 2669 899 2732 his
911 2669 962 2732 ille
974 2669 1255 2736 Trinummiloous
1276 2675 1317 2758 (r.
1335 2675 1394 2739 169
1403 2677 1467 2762 sq.)

169 2794 211 2838 ne
233 2773 437 2856 gravissimus
466 2775 596 2856 quidem
619 2778 683 2838 est:
708 2793 784 2837 nam
805 2773 857 2836 hio
879 2773 964 2836 idem
987 2774 1167 2838 subiectum
1188 2777 1353 2855 retinetur,
1377 2781 1469 2860 quod

170 2878 283 2942 ceteris
317 2877 395 2941 locis
433 2898 500 2942 non
533 2898 636 2960 aeque
676 2877 743 2940 fieri
783 2880 881 2960 patet.
946 2876 1165 2954 Quamobrem
1204 2879 1357 2944 reiciendi
1389 2887 1469 2948 sunt

169 2980 303 3059 Brixius,
328 2981 382 3063 qui
403 3001 514 3045 versus
536 2981 743 3062 transposuit,
768 2983 799 3044 et
815 2980 1017 3058 Ritsohelius,
1046 2980 1105 3062 qui
1123 2984 1198 3062 post
1221 2985 1328 3048 acrius
1351 2984 1467 3050 distin-

169 3104 271 3166 guens
292 3085 421 3161 mirum,
444 3104 485 3148 ne
508 3084 613 3148 dicam
635 3083 803 3147 ridiculum
825 3104 956 3148 sensum
978 3084 1093 3148 intulit.

169 3325 234 3405 llll.
270 3324 450 3406 obiectum
471 3326 548 3405 sive
563 3327 759 3405 accusativi
774 3328 851 3407 sive
872 3327 979 3406 dativi
1003 3347 1114 3407 casus
1129 3346 1235 3409 versu
1258 3329 1468 3430 seiunqltur.

574 3517 602 3583 1.
637 3513 831 3585 obiectum
854 3514 1054 3585 antecedit.

515 3687 554 3750 A.
588 3687 624 3751 in
647 3687 829 3752 versibus
852 3687 1111 3768 longioribus

254 3806 342 3873 Trin.
368 3808 447 3871 618:
484 3885 491 3910 Ι
543 3797 544 3801 “
604 3813 639 3872 ut
661 3810 805 3873 inimicos
828 3813 902 3874 tuos

470 3911 631 3976 Ulcisoare
643 3918 675 3977 et
692 3913 779 3991 mihi,
799 3918 834 3977 ut
847 3934 923 3995 erga
934 3917 967 3977 te
979 3914 1023 3977 fui
1036 3919 1068 3978 et
1080 3935 1162 3992 sum,
1182 3915 1303 3980 referas
1315 3917 1466 3998 gratiam.

368 4013 449 4078 653:
606 4036 647 4080 ne
671 4017 803 4080 omnino
826 4018 968 4098 inopiam

470 4118 562 4183 Cives
591 4121 756 4184 obiectare
778 4120 903 4200 possint
924 4121 995 4197 tibi,
1020 4141 1101 4202 quos
1124 4125 1161 4186 tu
1182 4122 1328 4187 inimicos
1351 4123 1466 4190 habes.

347 4222 448 4285 1091:
605 4224 694 4287 visne
717 4242 836 4304 aquam

469 4326 541 4389 Tibi
563 4330 694 4408 petam?

347 4429 446 4493 1170:
602 4431 628 4494 si
650 4430 709 4494 tibi

469 4532 632 4614 Denegem
655 4535 743 4615 quod
765 4554 818 4598 me
841 4555 924 4600 oras.
