3286 5198
750 168 905 263 —sa—

268 371 373 434 Locus
402 390 469 435 non
497 372 596 438 facilis
628 377 676 438 est
707 375 749 438 ad
777 374 1047 439 constituendum.
1092 373 1176 438 Nam
1207 396 1244 440 en
1273 377 1477 442 antecedenti

180 475 287 538 versui
309 475 490 553 adnectere,
514 476 603 558 quod
630 477 731 541 voluit
753 477 915 542 Vahlenus
944 476 1175 561 (Sitzungsber.
1205 479 1235 542 d.
1262 479 1345 543 Berl.
1368 480 1472 546 Akad.

185 577 493 663 1888,111.p.44),
524 599 637 644 vereor
664 600 706 644 ne
733 581 912 645 inauditum
946 600 984 644 ac
1016 599 1083 644 non
1116 580 1284 646 ferendum
1316 582 1473 649 videatur.

180 680 242 758 Qui
265 685 374 745 autem
397 683 436 746 ln
458 687 561 746 incant
581 702 642 764 pro
665 687 842 765 anapaesto
865 685 963 747 audet
984 683 1160 761 venditare,
1189 685 1298 750 videat
1325 687 1376 750 cui
1397 705 1472 769 per·

180 784 325 848 suadeat.
374 783 451 848 Mihi
480 786 524 849 sic
552 787 679 851 videtur
712 787 969 851 ratiocinandum
1003 805 1086 850 esse:
1121 791 1200 867 puto
1233 808 1344 854 versus
1377 790 1472 871 plane

180 887 352 969 corrumpi,
375 889 402 952 si
424 888 488 953 tale
511 889 588 971 quid
611 889 745 954 facimus
768 893 891 954 extare:

491 992 665 1074 consilique
688 996 856 1073 compotes

336 1094 383 1157 Ex
405 1094 533 1160 incertis
556 1099 714 1160 certos...

179 1196 336 1278 Equidem
369 1197 462 1274 talia,
496 1198 530 1262 ni
563 1218 657 1262 aures
690 1199 906 1276 mentiuntur,
939 1219 958 1263 a
988 1200 1102 1282 quovis
1134 1204 1232 1281 poeta
1265 1199 1370 1263 aliena
1402 1219 1472 1265 esse

181 1319 369 1382 persuasum
392 1300 509 1364 habeo.
555 1300 589 1364 si
611 1304 721 1364 autem
744 1301 864 1383 aliquid
885 1301 971 1366 valet
993 1304 1213 1368 antecedentis
1229 1322 1340 1366 versus
1359 1302 1471 1381 exitus,

179 1421 252 1466 meo
275 1403 392 1466 iudicio
415 1403 586 1467 manifesto
609 1408 745 1485 apparet
766 1405 800 1467 in
822 1404 939 1468 talibus
961 1407 1121 1471 versibus:

489 1526 571 1588 quos
593 1527 653 1588 ego
676 1528 739 1589 ope
762 1527 835 1572 mea

334 1609 381 1672 Ex
403 1609 531 1673 incertis
554 1614 711 1674 certos...

177 1710 373 1792 synaloephe
397 1712 539 1793 quadam
562 1734 659 1778 voces
675 1736 744 1778 meu
761 1717 793 1778 et
811 1735 848 1778 cn
861 1714 1048 1779 coalescere.
1084 1715 1179 1792 Quod
1195 1715 1220 1779 si
1238 1716 1470 1793 constituimus,

177 1833 279 1896 nugas
301 1815 367 1896 agit
389 1815 531 1880 Klotzius
555 1817 664 1901 (Rom.
688 1817 811 1894 Metrik,
828 1838 860 1899 p.
881 1817 965 1901 190),
989 1818 1044 1899 qui
1061 1817 1295 1899 religiosissime
1318 1822 1472 1901 quattuor

177 1917 270 1981 huius
291 1917 353 1981 loci
375 1919 518 1983 medelas
541 1925 725 1985 enumerat:

294 2021 316 2085 1.
341 2024 381 2085 en
403 2025 542 2105 incertis,
566 2012 654 2104 quod
676 2030 773 2106 negat
794 2043 890 2106 posse
913 2024 996 2087 ferri.

279 2125 315 2191 ΙΙ.
339 2126 372 2187 'n
393 2128 530 2203 incertia,
555 2127 643 2208 quod
666 2132 698 2191 et
721 2129 826 2209 ipsum
847 2146 964 2208 parum
987 2127 1101 2208 placet.

263 2227 315 2292 ΙΙΙ.
340 2250 396 2313 ope
418 2252 487 2294 nna
509 2251 546 2295 en
571 2231 573 2315 l
598 2230 731 2295 Incertis
755 2232 829 2314 (sec.
853 2229 1057 2313 Vahlenum),
1082 2229 1170 2311 quod
1192 2230 1312 2295 laudat.

262 2333 313 2396 IV.
336 2332 512 2398 Hdclntens
533 2334 648 2398 lninntc
669 2355 745 2398 man
763 2333 828 2397 sicli
844 2335 901 2396 mn
917 2333 974 2397 der
984 2333 1151 2397 Annchmc
1169 2335 1413 2418 cinerldnperen
1425 2337 1468 2418 (l)

339 2439 532 2501 continuatio
572 2440 697 2501 numeri
739 2437 826 2521 (cum
858 2436 1079 2516 unusquisque
1112 2455 1206 2500 versu
1240 2435 1328 2500 bona
1360 2440 1470 2501 utatur

340 2540 484 2623 caesura)
508 2540 654 2623 bchclfcn,
688 2541 762 2604 aber
790 2539 869 2603 ancli
895 2539 977 2603 diosc
1006 2543 1048 2604 ist
1077 2539 1135 2621 fiir
1165 2560 1277 2604 ansere
1298 2540 1391 2604 Stella
1411 2562 1470 2604 niz-

337 2643 600 2708 wulrscheinlich.

261 2745 362 2823 Quid,
386 2766 523 2828 quaeso,
548 2747 680 2810 interest
706 2746 789 2810 inter
812 2747 843 2809 ’n
864 2749 992 2812 incertis
1015 2750 1047 2810 et
1064 2768 1120 2830 ope
1138 2767 1206 2810 mea
1225 2767 1263 2810 cn
1285 2745 1419 2810 Incertis
1438 2750 1470 2810 et

176 2850 514 2914 continuationem
533 2850 694 2927 numeri,
715 2850 774 2912 nisi
790 2850 929 2914 maxime
946 2851 1027 2914 ratio
1039 2850 1212 2932 pingendi?
1235 2849 1287 2912 Ad
1298 2868 1368 2912 rem
1379 2849 1469 2931 quod

174 2952 290 3016 attinet
311 2953 344 3016 in
368 2973 406 3016 eo
430 2953 610 3035 acquiesco,
634 2953 722 3036 quod
739 2973 837 3034 supra
860 2954 904 3036 (p.
918 2954 971 3037 79)
996 2953 1139 3035 exposui,
1162 2972 1236 3016 cum
1259 2952 1299 3016 de
1315 2951 1467 3015 Terentio

174 3056 276 3120 verba.
297 3056 455 3120 facerem:
490 3055 555 3120 duo
578 3056 621 3119 illi
642 3076 754 3120 versus
777 3056 919 3120 continui
941 3056 1244 3137 pronuntiabantur,
1267 3055 1312 3118 ita
1333 3057 1370 3119 ut
1391 3054 1469 3118 illud

174 3181 212 3224 en
250 3159 333 3223 inter
364 3179 420 3223 eos
459 3159 525 3223 fere
559 3160 776 3224 devoraretur.
832 3159 1165 3224 Animadvertendum
1198 3162 1247 3222 est
1278 3158 1341 3222 hoc
1380 3162 1416 3222 ut
1449 3177 1469 3222 a

173 3262 335 3339 Terentio,
355 3263 400 3326 ita
418 3262 459 3326 ab
479 3262 583 3326 Ennio
602 3281 731 3345 quoque
750 3262 925 3326 admissum
944 3282 1023 3339 esse,
1044 3262 1132 3326 cuius
1150 3262 1196 3325 rei
1215 3262 1302 3343 apud
1319 3261 1468 3325 Plautum

173 3364 297 3430 nullum
320 3365 398 3429 dum
421 3369 509 3429 extat
533 3365 726 3446 exemplum.

259 3468 405 3533 Pacuvi
432 3469 509 3532 lla:
641 3468 741 3550 quid?
773 3468 947 3549 quodiam
970 3471 1002 3531 et
1024 3468 1118 3531 mehe
1131 3467 1155 3551 ¹)

529 3571 621 3654 Piget
642 3574 814 3653 palernum
837 3589 968 3647 nomen,
991 3573 1174 3634 maternum
1195 3569 1297 3652 pudet

528 3674 663 3738 Profari.
889 3730 891 3733 ,

172 3778 210 3842 In
247 3777 296 3842 his
333 3796 400 3841 non
436 3780 504 3840 tam
543 3777 669 3841 insolita
705 3776 810 3840 forma
842 3776 925 3839 mehe
958 3779 1067 3839 movet
1101 3774 1336 3838 dubitationem
1368 3793 1467 3855 quam

171 3881 255 3946 mehe
276 3881 364 3966 Pipet
386 3880 470 3944 inter
490 3900 602 3944 versus
624 3880 706 3944 duos
729 3878 943 3942 distributum.
985 3877 1197 3942 Scribendum
1221 3881 1269 3941 est
1290 3877 1407 3958 potius
1431 3880 1468 3940 ut

171 3985 229 4048 viri
252 3984 338 4048 docti
360 3982 539 4048 iandudum
560 3982 725 4047 viderunt:

626 4085 727 4166 quid?
762 4085 937 4168 quodiam
960 4083 1001 4168 (ei
1024 4083 1131 4166 mihil)

516 4190 702 4272 Piget...

257 4294 306 4358 De
328 4314 357 4357 v.
382 4295 445 4358 777
469 4314 516 4375 sq.
539 4293 622 4369 vide,
646 4311 730 4373 quae
751 4292 836 4356 infra
858 4291 1005 4373 exposita
1026 4294 1100 4354 sunt
1124 4290 1168 4375 (p.
1193 4289 1257 4373 85).

259 4397 337 4462 315:
371 4396 570 4478 Postquam
593 4395 737 4459 defessus
759 4393 1042 4480 perrogitando[d]
1066 4393 1208 4457 advenas

370 4498 471 4585 [Fuit]
496 4501 536 4563 de
558 4498 673 4581 gnatis,
696 4517 802 4580 neque
824 4517 1009 4580 quenquam
1031 4497 1153 4560 invenit
1175 4496 1276 4560 scium

259 4637 509 4706 UnMMmm

1254 4736 1292 4786 6*
