3286 5198
815 92 854 155 41

277 294 335 358 His
356 295 434 359 locis
457 295 598 378 itemque
613 303 661 362 tot
680 299 748 362 aliis
771 318 843 363 cum
862 318 1044 380 pronomen
1061 299 1232 380 personale
1250 300 1283 363 in
1305 300 1394 365 initio
1418 301 1484 365 fere

191 399 369 463 sententiae
398 403 484 462 extet
515 401 716 483 verbumque
746 422 811 465 non
834 402 933 466 semel
956 407 1031 484 post
1065 404 1247 485 complures
1268 422 1365 467 voees
1386 403 1482 466 inter·

190 500 311 581 positas
333 501 384 565 vel
416 503 514 567 etiam
543 504 577 567 in
603 505 783 586 insequenti
813 505 945 568 demum
974 525 1069 570 versu
1099 510 1267 588 sequatur,
1301 525 1483 588 pronomen

189 603 306 668 idcirco
329 624 399 669 esse
421 605 566 670 additum
589 608 779 689 putaverim,
803 609 966 672 utstatim
985 608 1040 689 qui
1062 613 1156 691 esset,
1179 610 1219 672 de
1238 628 1303 691 quo
1323 613 1481 690 ageretur,

188 707 355 772 audientes
377 707 504 775 scirent.
554 709 639 774 Alibi
661 715 772 775 tamen
793 731 834 774 ne
857 712 938 775 haec
965 711 1095 792 quidem
1117 713 1164 776 vis
1186 712 1385 794 pronominis
1406 732 1481 793 per·

188 810 307 875 sonalis
329 812 536 892 agnoscenda
558 817 621 890 est,
645 815 690 878 ita
713 819 748 878 ut
769 833 965 895 pronomen,
996 815 1063 878 sive
1085 818 1161 879 ante
1183 815 1315 879 verbum
1340 815 1482 896 positum

187 913 254 977 sive
275 917 360 994 post,
383 933 515 995 prorsus
537 916 691 983 abundet.
738 918 913 999 Exemplis
943 936 1016 980 cum
1039 937 1252 1000 unaquaeque
1275 918 1341 981 fere
1363 919 1482 1000 pagina

188 1017 318 1094 offerat,
350 1037 416 1081 non
439 1037 521 1100 opus
551 1023 600 1084 est
627 1020 749 1101 positis
801 1021 954 1086 Graviora
983 1025 1094 1085 tamen
1123 1021 1261 1086 sortasse
1288 1021 1369 1086 haec
1391 1021 1480 1086 vide·

187 1119 327 1184 buntur:

273 1223 361 1288 Trin.
386 1225 466 1288 324:
501 1199 552 1288 (lb
576 1246 648 1290 earn
671 1246 740 1291 rem
763 1227 860 1303 haec,
883 1230 991 1308 pater,
1015 1228 1189 1304 autumavi,
1213 1227 1288 1310 quia
1304 1248 1356 1292 res
1379 1248 1479 1310 quae·

576 1329 692 1406 damst,
716 1349 814 1412 quarn
837 1330 911 1393 volo

500 1432 567 1514 Ego
590 1452 643 1496 me
665 1453 724 1515 aps
746 1436 778 1496 te
801 1453 945 1497 exorare.

272 1534 366 1600 Most.
391 1536 450 1599 86:
483 1536 749 1618 Argumentaque
772 1540 802 1599 in
827 1541 940 1618 pectus
963 1537 1066 1601 multa
1087 1537 1209 1600 institui

483 1639 550 1720 Ego
574 1642 671 1721 atque
693 1640 725 1702 in
748 1642 822 1703 meo
846 1640 953 1718 corde,
976 1643 1033 1704 slst
1055 1640 1144 1721 quod
1166 1639 1244 1702 mihi
1266 1658 1331 1715 cor,

483 1743 563 1806 Eam
585 1762 654 1806 rem
675 1743 828 1807 volutavi.

270 1843 386 1908 Bacch.
405 1846 480 1909 615:
512 1844 724 1909 Malevolente
735 1846 863 1928 ingenio
875 1852 983 1911 natus:
996 1850 1162 1927 postremo
1174 1846 1206 1909 id
1218 1845 1292 1909 mist
1304 1846 1392 1927 quod
1403 1846 1477 1910 volo

512 1949 578 2029 Ego
603 1969 672 2012 esse
694 1949 772 2014 aliis,

269 2049 311 2114 Hi
331 2051 392 2114 loci
411 2070 485 2116 meo
504 2051 619 2115 iudicio
639 2052 719 2117 alius
736 2053 798 2117 alio
818 2054 973 2116 nituntur.
1013 2053 1061 2116 Ac
1078 2053 1182 2134 primo
1196 2052 1325 2134 quidem
1342 2053 1374 2117 in
1393 2053 1477 2130 loco,

183 2170 257 2216 cum
290 2155 416 2218 numeri
449 2155 512 2219 sint
543 2155 635 2231 certi,
669 2174 766 2218 nemo
801 2155 950 2231 offendit3
984 2160 1152 2237 praeterea
1179 2156 1374 2237 pronomina
1401 2175 1476 2237 per·

182 2257 306 2321 sonalia
335 2261 471 2339 apparet
505 2257 747 2339 quodammodo
778 2259 933 2322 cumulari
960 2259 1033 2343 (ego
1061 2279 1113 2322 me
1141 2258 1202 2342 te),
1237 2259 1324 2341 quod
1352 2262 1477 2322 veteres

181 2360 299 2425 scimus
331 2362 494 2427 adamare.
552 2362 664 2424 Altero
698 2365 823 2438 autem,
857 2361 912 2424 ubi
947 2361 1098 2425 catalerris
1130 2382 1242 2426 versus
1275 2362 1369 2426 simul
1403 2381 1474 2425 curn

182 2463 300 2545 duplici
333 2463 416 2529 thesi
449 2465 482 2528 in
514 2465 663 2528 baccheis
697 2483 764 2527 non
798 2464 932 2528 ferenda
961 2464 1147 2540 videbatur,
1181 2464 1375 2528 Ritschelius
1408 2483 1476 2528 non

180 2566 287 2631 solum
316 2569 431 2632 miram
459 2567 624 2650 quandam
654 2567 792 2630 formam
815 2586 835 2631 a
856 2567 966 2630 Reizio
995 2567 1157 2648 prolatam
1184 2569 1317 2632 instillet
1344 2568 1474 2648 recepit,

180 2669 238 2733 sed
261 2670 358 2735 etiam
382 2671 463 2735 duos
480 2671 686 2751 insequentes
704 2689 815 2733 versus
839 2671 1013 2734 damnavit.
1057 2670 1239 2751 Utrumque
1262 2690 1339 2735 sane
1362 2669 1476 2734 iniuria

180 2773 264 2838 lecit.
298 2773 442 2838 Primum
457 2774 543 2838 enim
561 2773 638 2837 illud
660 2775 792 2837 iustitioi
814 2773 946 2837 omnino
964 2793 1031 2837 non
1048 2773 1217 2837 ferendum
1229 2777 1277 2838 est
1287 2772 1322 2856 ¹).
1357 2773 1475 2837 Forma

178 2877 268 2941 audit
290 2881 345 2941 aut
368 2879 492 2942 institui
513 2881 569 2941 aut
590 2874 737 2959 instem).
784 2876 924 2940 Alterius
948 2876 1071 2941 formae
1094 2896 1194 2940 unum
1217 2877 1332 2953 mod0,
1356 2880 1390 2940 at
1411 2875 1475 2939 hoc

179 2980 402 3061 gravissimum
420 2984 518 3062 atque
530 2981 742 3044 certissimum
754 2980 974 3044 testimonium
987 2980 1063 3044 sci0.
1095 2981 1190 3044 Extat
1202 2980 1288 3044 enim
1300 2979 1473 3044 Stich430:

377 3083 440 3147 Ubi
459 3088 554 3148 cenas
576 3083 693 3147 hodie?
717 3080 751 3150 lss
773 3082 826 3147 Sic
848 3082 932 3146 hanc
955 3084 1114 3148 rationem
1136 3083 1244 3147 institi.

177 3187 233 3250 ubi
265 3187 296 3251 A
326 3189 445 3264 instita,
484 3188 572 3269 quod
602 3186 736 3250 fortasse
770 3185 829 3249 fuit
857 3189 998 3267 instita„
1036 3186 1129 3252 BCD
1161 3189 1251 3251 instit
1259 3188 1277 3250 't
1310 3185 1472 3262 exhibent,

176 3289 369 3354 Ritschelius
391 3292 501 3354 autem
523 3291 591 3372 ipse
613 3294 678 3353 iam
699 3292 786 3352 recte
808 3288 934 3370 scripsit
955 3292 1066 3356 iustiti.
1112 3290 1224 3371 ltaque
1246 3290 1318 3368 hoc,
1343 3290 1383 3352 de
1406 3309 1471 3371 quo

177 3393 311 3474 agimus
334 3394 405 3458 loco
429 3379 495 3457 non
518 3397 566 3457 est
583 3392 716 3457 dubium
732 3393 809 3474 quin
825 3391 886 3456 hac
903 3392 1008 3457 forma
1024 3393 1171 3457 restituta
1193 3393 1399 3456 scribendum
1416 3393 1470 3455 sit:

418 3498 683 3578 Argumentaque
705 3499 737 3559 in
760 3499 872 3576 pectus
895 3496 998 3559 multa
1019 3496 1127 3560 institi.

177 3600 295 3664 Versus
318 3603 427 3664 autern
451 3585 653 3664 catalecticus
676 3599 838 3663 immixtus
868 3599 1032 3663 neminem
1055 3599 1214 3663 offendat:
1238 3599 1277 3662 cf.
1300 3598 1471 3676 Klotzium,

176 3703 368 3785 Grundzirge
391 3702 518 3767 altrom.
542 3701 656 3766 Metrik
677 3723 710 3783 p.
732 3703 806 3768 418.
831 3740 871 3749 -
894 3701 990 3779 Quod
1013 3707 1122 3766 autem
1144 3700 1337 3765 Ritschelius
1359 3721 1410 3764 vv.
1430 3702 1471 3765 87

176 3810 209 3870 et
231 3808 273 3871 88
295 3807 444 3882 damnat,
479 3804 555 3868 mihi
578 3823 644 3868 non
668 3806 758 3870 facile
781 3804 1002 3886 persuadebit;
1033 3825 1075 3868 an
1097 3804 1267 3868 verisimile
1295 3809 1343 3868 est
1371 3805 1470 3868 inter·

175 3909 374 3991 polatorem,
406 3910 493 3973 cuius
525 3929 659 3990 operam
686 3910 720 3972 in
751 3908 813 3972 hac
843 3928 961 3972 scaena
986 3911 1148 3986 versatam
1180 3928 1249 3971 esse
1278 3927 1346 3971 non
1376 3927 1470 3988 nege,

262 4116 282 4183 l)
309 4116 368 4171 Hoc
387 4118 442 4170 iam
466 4117 595 4171 intellexit
613 4116 800 4170 Fleckeisenus
823 4117 851 4169 in
870 4116 936 4173 Mus.
955 4116 1042 4169 Rhen.
1064 4115 1103 4179 14,
1122 4115 1180 4179 631,
1201 4114 1277 4167 cuius
1295 4119 1387 4167 tamen
1406 4129 1470 4167 con·

172 4203 276 4257 iectura
294 4203 343 4256 rix·
358 4219 427 4271 opus
445 4208 486 4256 est
503 4208 618 4272 recepta.

260 4305 283 4375 ²)
309 4307 360 4362 Hic
381 4310 507 4373 inseram,
531 4313 561 4361 ut
579 4308 677 4374 Amph.
700 4308 751 4360 olo
775 4324 808 4360 ex
826 4310 943 4361 abstines
967 4305 1092 4360 codicum
1115 4303 1269 4357 restitutum
1288 4308 1328 4356 est
1346 4304 1469 4367 abstinet,

173 4395 248 4463 quod
266 4410 362 4448 sensus
379 4393 490 4462 flagitat,
510 4393 548 4446 ita
565 4393 640 4446 Asin.
658 4393 718 4457 582,
736 4394 784 4446 ubi
802 4394 908 4447 codices
926 4392 1067 4447 exhibent:

403 4479 488 4533 Nimis
507 4482 585 4547 ae'gre
603 4479 688 4533 risum
707 4478 835 4544 continui,
856 4480 902 4532 ubi
919 4477 1053 4546 hospitem
1071 4476 1237 4531 inclamavit.

172 4567 264 4622 Bothii
282 4566 466 4621 coniecturam
485 4569 587 4619 centini
606 4582 622 4618 a
640 4564 703 4618 viris
721 4564 807 4618 doctis
825 4570 944 4632 spretam
962 4563 1093 4617 suadente
1110 4578 1190 4616 versu
1203 4560 1386 4629 recipiendam
1401 4577 1468 4615 esse.
