3286 5198
740 128 895 225 —ra—

259 331 321 399 Mil.
345 332 424 414 glor.
448 333 528 397 902:
685 335 743 399 sed
765 335 815 399 dic
838 335 924 411 mihi,
948 334 1062 416 ecquid
1084 334 1134 398 hic
1157 337 1189 398 te

561 436 714 502 Oneravit
735 439 938 521 praeceptis?

444 541 522 605 988:
680 541 795 623 edepol
817 541 897 605 haec
920 541 1050 623 quidem

560 643 723 708 Bellulast.

261 745 308 812 Cf.
333 745 421 810 Trin.
445 746 518 811 926.
542 746 605 812 Mil.
629 747 707 828 glor.
732 748 804 813 889.
832 749 924 812 1315.

560 885 595 950 B.
630 885 667 947 in
691 885 865 948 senariis
888 885 1075 952 iambicis

259 1004 347 1071 Trin.
372 1005 450 1068 545:
609 1005 666 1068 sed
690 1003 853 1086 Campans
876 1026 976 1086 genus

473 1106 574 1171 Multo
598 1106 756 1170 Surorum
778 1108 893 1171 antidit
915 1109 1080 1190 patientia.

259 1211 374 1276 Pseud
400 1212 433 1275 7:
467 1211 562 1274 Nunc
584 1211 739 1291 quoniam
760 1211 793 1274 id
816 1211 883 1274 fieri
908 1232 972 1275 non
995 1232 1038 1293 po
1040 1216 1112 1289 test,
1136 1213 1308 1276 necessitas

465 1314 516 1377 Me
539 1314 713 1395 subigitut
701 1317 768 1377 tte
791 1314 874 1395 rogit
876 1335 936 1381 em.

258 1416 321 1482 Mil.
345 1416 423 1499 glor
448 1417 959 1482 5922namPalaestr1o

547 1520 643 1584 Domi
666 1522 753 1584 nunc
776 1520 863 1602 apud
885 1525 978 1588 mest.

454 1625 533 1688 865:
689 1627 725 1687 tu
748 1644 855 1687 meam
877 1629 1013 1706 partem,
1037 1626 1248 1689 infortunium

548 1726 582 1791 Si
605 1727 772 1804 dividetur,
795 1748 848 1790 me
871 1727 1005 1792 absente
1027 1729 1164 1810 accipito
1188 1733 1306 1793 tamen.

259 1828 306 1896 Cf.
330 1830 417 1896 Trin.
441 1831 514 1895 509.
540 1831 611 1895 738.
648 1830 762 1896 Pseud.
786 1832 858 1896 434.
886 1832 978 1897 1081.
1014 1831 1077 1898 Mil.
1101 1832 1179 1912 glor.
1204 1833 1277 1896 579.

259 1932 407 1998 Sedecim
429 1934 523 2015 igitur
538 1933 686 2015 exempla
705 1933 796 2014 potui
812 1934 926 1998 afferre
943 1954 982 1997 ex
998 1934 1048 1998 his
1067 1935 1192 2012 fabulis,
1215 1935 1271 1998 uhi
1287 1934 1467 1998 subiectum

172 2037 279 2119 priore
307 2056 403 2100 versu
432 2040 536 2114 extat,
567 2036 689 2117 reliqua
723 2040 832 2100 autem
865 2037 1025 2101 sententia
1058 2038 1159 2102 altero
1187 2057 1281 2102 versu
1314 2036 1465 2118 sequitur.

172 2141 221 2205 Ac
242 2143 367 2221 septem
390 2141 520 2222 quidem
538 2160 649 2203 versus
671 2140 841 2221 longiores
864 2160 981 2203 novem
1002 2142 1117 2204 senarii
1137 2143 1285 2206 offerunt.
1321 2139 1466 2204 Obser-

171 2247 295 2308 vatur
325 2243 562 2320 subiectum,
594 2244 627 2307 si
656 2244 692 2306 in
723 2244 803 2306 fine
833 2263 973 2307 versus
1003 2245 1040 2306 in
1070 2244 1248 2308 iambum
1278 2243 1467 2307 exeuntis

172 2346 300 2411 solum
332 2350 425 2409 exta
433 2347 559 2423 t,ita
598 2350 641 2410 ut
675 2349 745 2410 ant
755 2366 772 2408 e
807 2346 1042 2428 distinguat
1050 2367 1109 2424 ur,
1149 2366 1311 2428 semper
1348 2346 1466 2428 poly-

172 2449 370 2532 syllabon
401 2470 506 2524 esse,
541 2453 577 2512 ut
565 2449 715 2515 tPseud
741 2450 759 2511 7
789 2450 1048 2531 &recommonet
1017 2450 1134 2514 etMil
1159 2450 1237 2531 glor
1263 2451 1325 2514 865
1350 2450 1466 2532 (infor-

172 2555 325 2635 tunium);
359 2571 465 2633 neque
494 2552 634 2633 reliquae
657 2552 801 2628 fabulae,
830 2555 930 2632 quant
932 2572 987 2615 um
1009 2552 1119 2629 video,
1148 2553 1222 2616 huic
1245 2552 1467 2616 consuetudini

172 2659 364 2737 repugnant.
341 2654 477 2720 tMil.
501 2655 579 2736 glor.
603 2675 632 2719 r.
657 2655 720 2719 902
749 2658 824 2717 cont
825 2674 878 2731 ra,
911 2658 946 2718 ut
969 2655 1168 2736 septenarius
1191 2655 1361 2732 iambicus,
1390 2654 1466 2717 nihil

173 2758 272 2822 habet
294 2760 374 2825 miri.
421 2758 524 2822 Immo
546 2758 620 2820 vide
641 2758 729 2822 Asin.
755 2759 832 2821 609:

329 2862 419 2944 Egon
442 2865 495 2926 te?
529 2881 627 2943 quam
650 2861 676 2924 si
700 2880 759 2942 ego
782 2860 966 2941 intellegam
989 2861 1126 2924 deficere
1148 2862 1224 2938 rita,
1247 2861 1312 2924 iam
1334 2860 1402 2942 ipse

328 2966 435 3030 Vitam
457 2984 564 3028 meam
586 2964 644 3027 tibi
665 2964 782 3046 largiar
804 2967 836 3028 et
859 2965 899 3027 de
923 2983 996 3026 mea
1018 2964 1060 3028 ad
1082 2967 1171 3028 tuam
1195 2964 1323 3030 addam.

172 3067 265 3132 Idem
296 3069 328 3132 in
357 3072 437 3150 sept.
472 3069 573 3133 troch.
605 3087 671 3131 non
705 3068 782 3131 item
813 3067 982 3131 ferendum
1016 3087 1085 3132 esse
1120 3086 1236 3131 censeo
1265 3071 1297 3130 et
1327 3066 1468 3149 aliquam

173 3175 284 3235 movet
313 3171 548 3235 dubitationem
580 3171 671 3252 Epid.
696 3172 773 3248 906,
808 3171 862 3234 ubi
891 3191 931 3234 ex
954 3171 1136 3235 coniectura
1160 3169 1335 3233 Camerarii
1366 3169 1467 3233 codici

172 3273 198 3336 Β
221 3274 310 3337 illata
331 3274 413 3338 solet
435 3274 542 3338 scribi:

329 3353 358 3440 d
381 3377 507 3458 legione
535 3363 647 3441 omnes
676 3377 799 3440 remissi
828 3379 903 3440 sunt
931 3377 1066 3440 domum
1087 3376 1217 3441 Thebis
1241 3377 1274 3444 iss
1298 3376 1375 3454 Quis
1405 3376 1468 3440 hoc

330 3480 412 3544 Dicit
435 3480 577 3543 factum?
600 3480 633 3547 iss
657 3480 723 3561 Ego
746 3480 791 3543 ita
813 3480 935 3543 factum
958 3499 1027 3543 esse
1051 3480 1132 3546 dic0.

173 3583 230 3647 ubi
252 3584 285 3647 in
307 3585 413 3665 priore
435 3603 531 3646 versu
552 3581 629 3654 Quis
651 3583 708 3646 hoc
730 3582 820 3645 deest
843 3583 875 3645 in
898 3582 1027 3663 reliquis
1049 3582 1153 3659 codd,
1178 3583 1210 3645 in
1233 3582 1335 3645 altero
1358 3585 1467 3646 autem

172 3686 280 3751 Bsrit
268 3688 420 3771 ttfocam
452 3687 558 3751 IZsic
581 3687 701 3769 fuctum
735 3686 826 3749 Fsic
851 3687 969 3768 factum
994 3694 1037 3750 cst
1025 3685 1230 3750 texhibent
1276 3684 1342 3765 Ego
1368 3705 1388 3748 a
1411 3689 1468 3749 scil

175 3789 292 3854 codicis
314 3790 340 3853 B
341 3789 487 3891 profect
488 3810 526 3853 us
548 3790 659 3853 malim
680 3792 827 3853 versust
814 3788 895 3852 atles
917 3789 1099 3852 restituere:

327 3869 357 3956 li
379 3893 503 3975 legione
527 3913 640 3957 omnes
662 3893 786 3956 remissi
814 3895 888 3956 sunt
875 3892 1043 3955 tdomum
1067 3891 1196 3957 Thebis
1228 3889 1262 3959 iss
1290 3891 1374 3968 Quid
1397 3895 1467 3956 est?

329 3996 464 4060 Scintu
486 3997 550 4059 ac
538 4000 630 4060 um9
654 4000 686 4062 iss
710 3997 844 4079 Egoita
811 3997 931 4059 fac
918 4001 988 4059 um
1012 4016 1081 4059 esse
1104 3997 1185 4060 dico

342 4149 376 4219 2.
413 4150 630 4221 Subiectum
651 4149 838 4237 reliquam
860 4149 1084 4219 sententiam
1105 4149 1290 4236 sequitur.

510 4274 549 4336 A.
583 4273 622 4335 in
645 4272 830 4336 versibus
853 4271 1127 4353 longioribus

259 4393 374 4460 Pseud.
399 4395 477 4457 688:
514 4393 552 4456 Di
574 4392 782 4470 immortales,
806 4391 987 4456 aurichalco
1011 4395 1124 4456 contra
1147 4412 1213 4455 non
1237 4411 1346 4455 carum
1369 4390 1427 4455 fuit

518 4496 625 4560 Meum
655 4496 877 4572 mendacium,
908 4495 960 4559 hic
992 4496 1091 4560 modo
1126 4495 1214 4577 quod
1247 4494 1353 4559 subito
1377 4514 1466 4559 com-

631 4602 757 4662 mentus
780 4593 837 4664 fuis
