3286 5198
820 129 862 193 30

194 336 319 401 Homm
347 335 567 416 exemplorum
601 354 658 401 sex
687 336 761 420 (tria
789 337 822 401 in
849 355 930 402 vers.
954 334 1039 416 long.
1062 333 1262 415 totidemque
1292 333 1325 397 in
1354 333 1491 398 senariis

196 439 408 522 occurrentia)
438 442 513 503 sunt
535 438 630 516 talia,
658 442 695 502 ut
717 439 896 505 subiectum
926 457 992 504 acc.
1016 457 1041 503 c.
1066 437 1121 503 inf.
1145 457 1218 502 cum
1240 437 1340 501 verbo
1362 436 1490 520 regenti

195 543 294 608 artius
323 543 499 607 cohaerens
521 541 628 624 priore
650 561 746 606 versu
775 545 877 620 extet,
909 540 1031 622 reliqua
1059 539 1160 604 altero
1182 559 1276 604 versu
1299 543 1488 622 sequantur.

194 645 231 719 In
250 646 363 710 ceteris
378 644 541 726 exemplis,
560 663 698 727 quorum
711 665 822 710 versus
836 645 997 727 longiores
1009 643 1189 721 duodecim,
1206 643 1322 708 senarii
1332 643 1489 708 tredecim

196 749 352 827 offerunt,
383 749 446 813 alio
469 748 569 813 modo
592 767 657 815 acc.
682 767 708 815 c.
732 749 786 815 inf.
812 747 1006 813 constructio
1034 747 1117 814 inter
1137 766 1249 811 versus
1276 745 1486 813 distribuitur.

283 852 382 930 Quasi
396 851 594 934 praeteriens
609 871 739 930 mone0‚
756 872 829 917 curn
847 851 979 917 vocibus
996 836 1052 933 ine,
1069 858 1107 933 te,
1124 872 1156 915 ce
1177 850 1340 915 interdum
1355 868 1489 913 versum

194 955 278 1020 finiri
302 958 427 1019 constet
450 954 502 1039 (ci.
525 975 625 1038 supra
645 955 708 1021 Mil.
733 954 811 1037 glor.
826 956 912 1039 792),
935 954 1032 1019 etiam
1055 952 1147 1036 Capi.
1171 955 1234 1019 942
1257 973 1315 1035 sq„
1338 952 1489 1034 quamvis

77 1133 78 1136 Ἴ
195 1057 285 1123 locus
307 1059 347 1123 sit
369 1057 580 1135 duriusculm,
603 1057 678 1122 ferri
700 1077 813 1140 posse;
836 1061 925 1123 extat
947 1061 1072 1122 autem:

350 1145 391 1226 Et
412 1161 444 1225 id
468 1164 500 1225 et
522 1161 610 1227 aliud
631 1162 720 1244 quod
742 1181 794 1226 me
818 1161 924 1225 orabis
946 1160 1152 1241 impetrabis:
1174 1163 1272 1243 atque
1294 1163 1326 1224 te

351 1263 460 1328 Nolim
482 1283 667 1329 suscensere
689 1264 777 1347 quod
801 1283 860 1347 ego
883 1264 981 1329 iratus
1004 1263 1033 1327 ei
1054 1262 1115 1328 feci
1136 1263 1230 1331 male.

283 1367 330 1434 Cf.
355 1367 452 1433 etiarn
474 1368 564 1434 Asin.
586 1368 660 1445 487,
684 1368 740 1432 ubi
762 1371 849 1432 extat
871 1367 904 1431 in
926 1370 1007 1448 sept.
1030 1367 1143 1432 iamb.:

352 1469 445 1535 Nunc
468 1471 620 1536 demum?
642 1473 751 1536 tamen
774 1491 940 1552 nunquam
963 1470 1037 1535 hinc
1056 1469 1139 1534 feres
1161 1471 1284 1552 argenti
1306 1491 1488 1548 nummum,

465 1575 526 1639 nisi
548 1595 601 1639 me

351 1679 436 1743 Dare
458 1677 584 1743 iusserit
606 1677 832 1744 Demaenetus.

442 1867 494 1947 ΙΙΙ.
536 1867 683 1948 Verbum
712 1868 878 1948 inlinitum
905 1887 1012 1948 versu
1040 1868 1246 1968 seiungitur.

286 2008 314 2074 1.
358 2007 467 2072 Primo
494 2005 566 2069 loco
596 2025 701 2086 pauca
728 2025 766 2069 ea
794 2004 941 2086 exempla
963 2024 1065 2086 ponc,
1092 2006 1149 2069 ubi
1169 2005 1305 2070 verbum
1327 2004 1491 2069 infinitum

197 2110 377 2175 subiectum
399 2109 579 2174 sententiae
603 2112 660 2174 est.

546 2263 583 2329 A.
620 2263 658 2327 in
679 2263 859 2327 versibus
881 2262 1135 2345 longioribus.
1253 2316 1255 2319 .

283 2383 347 2451 Mil.
370 2384 449 2466 glor.
474 2385 553 2448 398:
711 2387 799 2448 certa
820 2403 872 2447 res
894 2386 943 2448 est

592 2487 686 2551 Nunc
708 2490 855 2552 ndstrum
878 2486 1049 2552 observare
1073 2489 1199 2552 ostium.

586 2661 621 2726 B.
656 2661 696 2724 in
719 2659 891 2724 senariis
914 2661 1099 2726 iambicis

284 2779 372 2844 Trin.
397 2781 457 2844 23:
492 2781 641 2844 Amicum
664 2781 819 2863 castigare
842 2781 884 2843 ob
908 2780 1055 2844 meritam
1078 2781 1208 2845 noxiam

490 2885 684 2947 Immoenest
706 2883 838 2948 facinus,

285 2985 400 3051 Pseud.
424 2987 505 3050 449:
662 2989 784 3067 quanto
808 2986 906 3050 satius
929 2989 978 3050 θεῖ

543 3089 642 3153 Adire
664 3088 790 3153 blandis
812 3089 918 3152 verbis
940 3092 1037 3172 atque
1060 3110 1264 3172 exquaerere.

285 3192 377 3256 Ultra
411 3191 559 3272 exempla
595 3211 662 3256 non
692 3192 798 3256 inveni
831 3212 936 3274 neque
969 3213 1051 3275 opus
1081 3196 1129 3259 est
1160 3193 1320 3275 pluribus3
1354 3198 1491 3276 apparet

199 3294 285 3358 enim
297 3314 337 3358 ex
348 3295 502 3375 exemplis
517 3295 623 3359 minus
642 3314 740 3376 quam
759 3314 798 3358 ex
814 3298 930 3360 natura
946 3297 1001 3374 rei,
1020 3297 1097 3362 talia
1114 3317 1183 3362 esse
1201 3296 1380 3360 tolerabilia
1392 3317 1491 3378 quam

199 3398 348 3465 maxime.
394 3397 489 3476 Quod
512 3401 621 3462 autem
649 3398 797 3480 exempla
818 3400 920 3463 rarius
941 3400 1090 3464 videntur
1119 3420 1295 3478 occurrere,
1317 3404 1492 3482 propterea

199 3501 245 3579 fit,
266 3501 353 3583 quod
371 3501 503 3566 omnino
522 3501 594 3565 talis
613 3503 807 3566 constructio
826 3523 893 3567 non
912 3504 957 3568 ita
972 3502 1121 3585 frequens
1139 3508 1187 3568 est
1204 3504 1238 3567 in
1255 3503 1364 3585 lingua
1380 3503 1489 3570 latina.

287 3606 316 3671 t.
351 3604 506 3670 Graviora
535 3605 729 3669 videbuntur
767 3626 805 3670 ea
837 3606 1000 3688 exempla,
1033 3607 1089 3670 ubi
1116 3607 1252 3670 verbum
1285 3607 1445 3672 infinitum
1472 3628 1491 3672 e

200 3706 300 3773 verbo
322 3708 451 3789 pendet.

543 3812 583 3875 A.
618 3811 655 3875 in
678 3812 863 3877 versibus
885 3812 1144 3895 longioribus.

286 3930 374 3995 Trin.
398 3932 477 3996 374:
634 3952 706 3996 eam
729 3933 833 4013 cupio,
856 3937 957 4014 pater,

502 4036 626 4101 Ducere
649 4055 782 4099 uxorem
805 4035 872 4099 sine
895 4035 980 4103 dote.

287 4137 402 4203 Pseud.
426 4139 506 4203 669:
541 4138 688 4232 Namque
704 4138 774 4219 ipsa
785 4137 1017 4219 Opportunitas
1028 4160 1095 4204 non
1106 4140 1211 4221 potuit
1222 4139 1266 4204 mi
1278 4141 1490 4222 opportunius

544 4240 715 4318 Advenire,
738 4260 837 4322 quam
854 4241 934 4306 haec
946 4243 1083 4308 adlatast
1094 4243 1139 4307 mi
1151 4247 1332 4325 opportune
1344 4243 1490 4326 epistula.

287 4344 349 4411 Mil.
373 4344 452 4427 glor.
477 4346 557 4409 995:
714 4364 779 4426 quo
801 4348 897 4426 pacto
920 4347 1005 4426 potis

577 4447 687 4529 Nupta
710 4452 742 4512 et
763 4449 860 4513 vidua
882 4469 952 4514 esse
975 4450 1111 4514 eadem?

288 4569 335 4636 Cf.
358 4569 421 4636 Mil.
445 4569 524 4651 glor.
549 4569 621 4633 383.
646 4569 718 4635 646.
746 4570 837 4636 1907.
865 4571 956 4634 1439.
