3286 5198
791 160 832 223 75

252 359 328 423 832:
355 436 362 460 1
459 360 508 424 vel
530 361 636 427 hercle
660 364 742 451 [mo]
757 364 780 448 ¹)
804 366 904 443 eirico,
927 386 1094 449 nunquam
1116 369 1191 433 hinc
1213 370 1296 435 feres

341 462 371 525 A
393 461 492 547 me2).
538 465 598 548 (cf.
623 468 720 531 etiarn
742 469 810 532 Atti
832 473 912 551 trag.
936 470 1050 552 fragm.
1074 492 1103 537 r.
1127 473 1214 557 4⁶25.)

251 565 282 629 5.
311 565 405 630 Truc.
424 567 503 631 531:
534 568 563 632 ls
588 573 621 633 te
651 570 738 635 dono
767 572 892 636 adduce
919 572 981 639 hoc
1010 579 1046 639 tu
1068 575 1145 639 istas
1171 577 1229 641 sed
1251 576 1331 641 istae
1361 578 1458 659 (utatis

617 674 653 747 Β,
677 696 736 739 om.
759 676 831 758 rel.)
853 677 983 758 reginae
1006 679 1094 743 domi

531 775 616 840 Suae
632 778 720 841 fuere
737 778 854 842 amhae
875 798 983 844 verum
1001 781 1139 861 patriam
1157 801 1216 864 ego
1234 783 1336 847 excidi
1349 803 1457 847 manu

532 878 616 943 Iste
638 881 736 945 dono.

161 975 216 1040 Sic
244 977 370 1041 codices
393 979 546 1045 exhibent
573 983 714 1047 minutiis
737 984 876 1060 omissis;
907 986 995 1067 quod
1023 987 1096 1051 terri
1121 988 1242 1069 nequit.
1287 987 1353 1052 Sed
1381 1008 1456 1053 cum

162 1078 268 1144 solum
299 1080 378 1144 illud
404 1082 439 1145 Is
461 1090 490 1146 te
517 1085 600 1149 douo
632 1086 717 1150 male
745 1088 916 1169 repetitum
951 1109 1004 1152 me
1037 1090 1169 1171 quidem
1198 1091 1333 1154 offendit
1367 1092 1455 1176 (nam

163 1182 284 1247 addice
304 1187 380 1264 post
402 1185 526 1250 adduxi
547 1207 658 1252 versus
677 1191 742 1255 530
764 1188 840 1253 mihi
863 1210 930 1256 non
953 1191 997 1255 ita
1020 1193 1222 1273 urguendum
1244 1192 1393 1277 videtur),
1418 1213 1456 1258 eo

161 1284 291 1363 inclino,
314 1290 350 1350 ut
373 1288 504 1352 credam
526 1290 645 1355 librarii
669 1293 778 1356 oculos
801 1293 833 1356 in
856 1294 945 1359 initio
962 1314 1073 1359 versus
1095 1295 1263 1360 aberrasse
1285 1295 1316 1358 in
1340 1316 1370 1362 v.
1383 1296 1456 1373 533,

162 1387 285 1470 reliqua
306 1393 415 1454 autem
438 1391 505 1455 fere
528 1413 607 1458 sana
630 1415 708 1461 esse.

249 1491 431 1556 Restituam
454 1496 549 1578 igitur
571 1497 707 1579 exempli
730 1501 849 1580 gratia:

291 1603 365 1667 Tibi
386 1599 552 1667 servibunt
577 1638 616 1647 -
638 1601 763 1665 adduce
786 1602 848 1667 hoc
870 1607 906 1666 tu
928 1603 1005 1667 istas
1028 1641 1069 1650 -
1092 1604 1149 1668 sed
1172 1603 1301 1685 reginae
1325 1604 1413 1668 domi

291 1705 376 1770 Suae
398 1707 528 1771 luerunt
550 1704 676 1780 ambae,
698 1725 811 1769 verum
833 1707 973 1787 patriam
996 1725 1055 1787 ego
1079 1706 1181 1770 excidi
1205 1726 1304 1771 manu
1313 1705 1351 1790 ³).

249 1810 278 1875 6.
313 1809 405 1891 Epid.
428 1830 457 1872 v.
482 1810 546 1871 660
567 1808 612 1871 sic
634 1808 756 1872 scribo:

218 1910 386 1994 Thesprio,
410 1913 460 1975 exi
482 1912 561 1975 istac
582 1930 641 1991 per
664 1909 794 1974 hortum
817 1910 961 1988 domum,
984 1910 1109 1995 adfer‘l)
1132 1912 1286 1978 auxilium
1308 1913 1396 1977 mihi.

216 2014 364 2097 Magnast
385 2035 446 2078 res.

250 2118 278 2184 7.
313 2118 408 2182 Merc.
432 2119 496 2182 939
519 2116 685 2180 restituam
708 2118 854 2197 proxime
876 2117 919 2180 ab
942 2118 1041 2182 codd:

395 2221 478 2284 Dicit
501 2240 642 2301 capram,
667 2238 764 2300 quam
788 2220 941 2284 dederam
964 2221 1155 2286 servandam
1179 2221 1238 2284 sihi

394 2323 509 2407 Suai5)
532 2322 639 2387 uxoris
662 2322 772 2385 dotem
795 2322 985 2388 ambedisse.

160 2425 313 2491 Similiter
350 2448 378 2493 v.
416 2428 479 2491 ili
517 2430 628 2490 terroris
667 2429 773 2489 simiai
811 2425 949 2489 restituit
982 2426 1162 2490 Muellerus.
1218 2426 1314 2503 Quod
1347 2431 1456 2492 autem

159 2529 272 2595 dicunt
300 2532 485 2613 genetivum
506 2530 538 2592 in
563 2530 610 2592 -ai
633 2533 805 2592 exeuntem
837 2529 1002 2592 elisionem
1024 2548 1091 2592 non
1114 2528 1211 2605 ferre,
1242 2549 1301 2593 nec
1324 2549 1456 2594 causam

158 2633 264 2712 video,
283 2655 339 2698 cur
355 2634 423 2711 fiat,
443 2653 548 2715 neque
565 2633 697 2696 omnino
717 2652 845 2713 semper
856 2631 903 2709 fit,
920 2636 956 2695 ut
967 2631 1083 2695 Bacch.
1097 2632 1170 2707 307,
1182 2631 1238 2695 ubi
1249 2632 1454 2697 scribendum

160 2739 227 2801 est:
260 2738 374 2801 Dianai
396 2722 562 2818 Ephesiae.

247 2841 276 2906 8.
311 2840 431 2921 Amph.
456 2840 518 2902 366
541 2838 745 2902 scribendum
770 2842 834 2904 est:

315 2943 363 3006 Ne
386 2946 422 3005 tu
444 2940 585 3024 istuc⁶)
609 2940 706 3005 hodio
728 2942 815 3005 malo
838 2946 894 3005 tuo
918 2942 1093 3023 conpositis
1115 2942 1291 3006 mendaciis

316 3023 493 3110 rldvenisti.

246 3150 277 3215 9.
301 3149 381 3212 Asin
404 3150 478 3213 585.
502 3168 599 3229 supra
621 3149 666 3231 (p.
692 3149 745 3232 71)
768 3168 884 3213 sanare
905 3147 1024 3213 studui.

160 3320 197 3400 ΙΙ.
246 3320 343 3423 Quae
379 3322 538 3401 rationes
573 3322 665 3421 apud
693 3320 889 3400 Terentium
919 3322 1012 3401 inter
1043 3340 1173 3401 versus
1209 3322 1371 3420 sinuntur
1408 3342 1453 3402 ac

579 3443 779 3521 sententias
808 3441 1039 3521 intercedant.

245 3577 336 3641 Alter
363 3578 453 3641 testis
475 3579 593 3642 veteris
615 3579 840 3641 Romanorum
874 3578 982 3658 poesis
1009 3578 1175 3642 scaenicae
1197 3577 1368 3643 Terentius
1395 3582 1453 3645 est.

157 3679 261 3744 Huius
283 3699 394 3745 versus
429 3682 570 3763 singulos
601 3701 674 3745 cum
702 3680 867 3745 sententiis
904 3681 1105 3762 exaequandi
1136 3681 1217 3744 ratio
1252 3700 1272 3744 a
1304 3681 1455 3745 Plautina

156 3785 228 3847 arte
250 3783 377 3848 duabus
399 3785 603 3866 potissimum
628 3785 725 3849 rebus
748 3784 867 3848 differt:

158 3898 257 3907 ..—

246 3938 267 4007 Ι)
285 3959 326 3992 me
345 3957 361 3992 a
378 3940 470 3993 Rei'u'o
489 3939 589 3993 inserto
608 3941 723 3993 tortasse
742 3956 799 3992 non
818 3955 886 4006 opus
905 3945 953 3992 est.

246 4025 269 4092 ²)
287 4025 403 4094 Reliqua
422 4027 527 4079 desunt.

246 4110 270 4178 3)
298 4110 384 4180 Magis
401 4112 519 4180 placeret
538 4112 622 4164 altera
641 4113 723 4166 modo
742 4127 835 4165 versus
853 4116 929 4179 parte
948 4110 1069 4178 (qualem
1088 4112 1109 4165 B
1129 4111 1248 4178 exhibet)
1266 4117 1382 4177 servata,
1400 4114 1454 4166 tale

156 4195 225 4265 quid
242 4213 387 4265 reponere:

363 4284 509 4352 Nunquam
529 4284 678 4351 quoiquam
697 4284 871 4349 serviverunt,
891 4285 938 4338 sed
956 4284 1024 4337 istae
1042 4285 1150 4352 reginae
1170 4285 1243 4338 domi

365 4371 436 4423 Suae
454 4371 562 4423 luerunt
581 4370 691 4434 cimbam
712 4387 806 4424 verum
825 4371 942 4439 patriam
960 4386 1009 4439 ego
1028 4370 1115 4424 excidi
1134 4387 1226 4424 manu.

244 4453 267 4524 ⁴)
296 4455 379 4510 Codd.
399 4456 455 4509 Pal.
475 4459 554 4523 adfer
571 4458 686 4509 deviarem.
723 4458 746 4508 A
766 4457 848 4510 deest.

245 4540 268 4609 ⁵)
294 4541 378 4595 Codd.
397 4560 471 4595 artae.

243 4623 267 4689 ὅ)
295 4626 377 4681 Codd.
397 4631 467 4680 istic.
