3286 5198
849 116 889 178 10

309 321 401 400 Quae
424 341 496 386 cum
519 322 566 387 ita
588 322 661 400 sint,
685 322 832 404 quamvis
855 322 987 387 minime
1009 342 1070 387 nec
1091 322 1172 387 mihi
1193 341 1299 404 neque
1322 322 1391 387 aliis
1414 321 1516 386 velim

221 424 429 507 persuadere,
452 425 479 489 si
501 426 573 508 quis
596 425 678 490 alios
699 425 790 490 locos
808 424 976 507 diligenter
998 426 1193 504 adhibuerit,
1216 426 1360 490 futurum
1383 445 1452 490 esse
1475 429 1515 488 ut

222 529 257 592 hi
278 529 404 593 numeri
425 549 558 611 prorsus
582 530 643 594 sibi
665 533 823 608 constent,
846 530 929 595 haec
950 534 1061 594 tamen
1082 530 1231 595 videntur
1253 549 1423 612 apparere:

308 649 330 713 Ι.
367 668 440 713 cum
463 649 666 731 quaerimus,
701 651 887 732 quotiens
915 651 1077 714 sententia
1099 670 1211 715 versus
1233 650 1297 714 fine
1326 649 1515 726 dissecetur,

121 786 125 793 ·
222 752 404 816 invenimus
438 753 633 818 tetrametris
669 753 767 835 paulo
806 754 906 818 modo
940 754 1135 818 severiorem
1170 753 1275 835 legem
1309 773 1380 817 esse
1412 773 1517 835 quam

222 855 387 919 trimetris.

309 973 346 1038 Π.
381 995 457 1056 qua
491 977 644 1041 ratione
677 980 788 1041 autem
822 978 983 1042 sententia
1016 997 1128 1042 versus
1162 977 1227 1041 fine
1261 977 1517 1058 interrumpatur

225 1097 299 1142 cum
315 1078 568 1159 consideramus
590 1080 684 1144 facile
701 1081 925 1161 cognoscimus
940 1080 1125 1157 liberiorem
1140 1081 1244 1162 legem
1262 1101 1334 1145 esse
1349 1080 1516 1156 trimetris,

223 1180 326 1245 multo
350 1181 546 1247 severiorem
567 1184 773 1248 tetrametris.

65 1316 139 1370 spur
151 1327 194 1360 no·
309 1301 442 1379 Restat,
475 1305 511 1365 ut
544 1302 621 1384 quid
654 1302 716 1367 hac
748 1303 782 1366 in
814 1323 849 1367 rc
883 1303 971 1385 apud
1003 1322 1109 1368 novae
1143 1304 1332 1369 comoediae
1365 1306 1517 1369 auctores

52 1379 207 1466 ἀῖῖεοῖῖδῖῖὲ
225 1404 391 1468 observari
411 1405 530 1487 possit,
554 1405 665 1487 paucis
689 1405 914 1487 astringamus.
960 1407 1117 1471 Videntur
1139 1410 1250 1471 autem
1272 1407 1321 1485 hi,
1357 1410 1518 1489 quantum

110 1483 156 1516 res.
225 1525 265 1571 ex
295 1507 404 1571 frustis
435 1508 570 1573 servatis
599 1507 672 1572 licet
702 1528 894 1589 agnoscere,
930 1510 1076 1574 omnium
1109 1509 1281 1574 liberrimis
1313 1509 1438 1591 legibus
1465 1513 1518 1574 usi

225 1630 296 1674 esse
317 1610 351 1673 in
373 1610 536 1689 trimetris
559 1630 627 1675 non
645 1611 724 1676 item
746 1611 779 1674 in
801 1613 1007 1676 tetrametris.
1052 1613 1161 1708 Atque
1177 1617 1213 1678 ut
1233 1613 1409 1677 clarissimo
1432 1612 1518 1678 illius

225 1713 342 1778 aetatis
355 1715 487 1779 nomine
504 1735 574 1778 rem
587 1715 848 1797 comprobemus
868 1734 907 1779 ex
917 1716 1096 1780 Menandro
1107 1715 1131 1800 ¹)
1144 1717 1226 1781 haec
1237 1717 1338 1781 affero
1352 1716 1518 1798 exempla:

313 1817 406 1898 frgm.
430 1815 530 1902 raab
553 1838 583 1882 v.
611 1819 649 1882 m
673 1836 737 1900 sq.:

713 1940 883 2020 ἀλεκτρυὼν
905 1945 1038 2021 γενναῖος
1066 1941 1096 2003 ἐν
1120 1940 1207 2025 ἑτέρᾳ
1228 1942 1325 2025 τροφῇ

713 2040 831 2119 ἔστιν,
855 2043 871 2105 ὁ
895 2041 920 2106 δ’
943 2044 1065 2126 ἀγεννὴς
1087 2045 1136 2106 κοὶ
1159 2045 1235 2106 δέδιε
1257 2045 1306 2106 τδν
1329 2043 1488 2136 κρείττονα.

324 2163 417 2244 frgm.
439 2164 504 2227 loa
526 2183 557 2226 v.
582 2163 600 2226 7
625 2183 689 2244 sq.:
843 2164 892 2228 καὶ
913 2166 965 2247 τὴν
989 2154 1055 2250 ὄψιν
1077 2153 1113 2247 ἣν
1136 2164 1278 2246 ἐκτήσατο

715 2256 783 2338 ἀνος
806 2267 837 2331 ἐν
858 2268 995 2351 πιθήκοις
1017 2268 1104 2332 τοῦτο
1128 2269 1165 2350 δὴ
1187 2269 1220 2330 τδ
1245 2268 1404 2350 λεγόμενον

715 2391 1024 2435 εατιν·υιωτον...

324 2473 417 2554 frgm.
440 2473 504 2537 403
527 2493 556 2536 v.
583 2474 598 2537 1
625 2491 688 2554 sq.:
842 2474 897 2538 οὐκ
920 2473 1027 2559 εἴρηκά
1049 2498 1095 2538 σοι

715 2575 819 2650 τοῦτ’;
843 2575 895 2640 εἶτ’
919 2569 964 2662 ἀρ’
989 2576 1075 2663 οὐχί;

326 2679 419 2761 frgm.
442 2678 503 2744 481
531 2700 559 2744 ν.
582 2681 604 2744 4
626 2699 691 2762 sq.:

510 2783 694 2869 (θεωρήσας)
717 2786 766 2848 τδν
788 2771 871 2867 ἥλιον
893 2787 942 2848 τὸν
965 2784 1070 2864 κοινόν,
1095 2773 1186 2868 ἄστρ’,
1211 2769 1301 2866 ὕδωρ,
1325 2782 1412 2867 νέφη,

715 2888 785 2970 πῦρ
800 2907 806 2920 ·
820 2889 921 2962 τοῦτο,
945 2879 999 2951 κάν
1023 2889 1127 2951 ἑκοτδν
1150 2885 1202 2968 ἔτη
1227 2887 1317 2971 βιῷς.
1333 2933 1338 2946 .
1354 2934 1360 2947 .

326 3007 419 3088 frgm.
443 3007 507 3071 520
529 3029 559 3072 v.
586 3009 600 3072 1
626 3026 691 3090 sq.:
715 3011 810 3093 μητὴρ
833 3008 960 3093 τέθνηκε
982 3015 1045 3073 ταῖν
1068 3010 1213 3094 ἀδελφοῖν
1235 3013 1298 3071 τοῖν
1322 3010 1402 3071 δυοῖν

715 3112 859 3176 τούτοιν
873 3131 879 3145 ·
892 3112 993 3198 τρέφει
1015 3113 1049 3176 δὲ
1071 3112 1210 3195 παλλοκή
1233 3136 1273 3183 τις
1295 3113 1347 3175 τοῦ
1370 3114 1478 3194 πατρὸς

718 3215 844 3288 αὐτάς,
869 3203 948 3302 ἀβρο
969 3217 1021 3296 τῆς
1044 3218 1154 3301 μητρὸς
1177 3215 1274 3280 αὐτῶν
1295 3215 1448 3299 γενομένη.

328 3317 421 3399 frgm.
446 3319 510 3383 530
531 3338 561 3382 v.
586 3319 606 3381 6
629 3337 695 3398 sq.:
849 3321 941 3383 κοκδν
964 3317 1042 3406 ἔχεις
1066 3321 1151 3384 οὐδὲν
1173 3315 1231 3402 η3)
1245 3367 1403 3381 ........

719 3419 796 3487 ἔστι
817 3446 854 3505 ην
877 3423 1012 3506 διῆλθες·
1185 3437 1187 3441 ’

328 3525 421 3606 frgm.
445 3526 518 3590 547.
543 3526 606 3589 548
629 3545 658 3588 v.
682 3525 701 3588 3
725 3543 789 3606 sq.:
944 3526 978 3590 οὐ
1003 3525 1106 3613 σφόδρ’
1130 3527 1280 3610 ἐγκρατεῖς

806 3628 905 3713 ἐσμὲν.

328 3732 422 3814 frgm.
446 3733 511 3796 674
532 3751 561 3795 v.
590 3732 604 3796 1
629 3749 692 3813 sq.:
728 3732 782 3795 οὐκ
805 3732 876 3814 ἐμδν
900 3733 1028 3812 ἀνοίγειν
1050 3733 1255 3796 λανθάνουσαν
1278 3733 1400 3818 ἀτυχίαν
1557 3814 1560 3819 ¹

732 3833 811 3908 ἔστ’,
840 3836 918 3898 ἀλλὰ
941 3837 1054 3919 μᾶλλον
1077 3837 1309 3899 κατακαλύπτειν
1332 3837 1408 3921 φημὶ
1431 3838 1501 3898 δεῖν.

329 3936 423 4019 frgm.
447 3938 510 4003 676
533 3957 562 4002 v,
588 3939 603 4002 1
630 3956 694 4019 sq.:
710 4015 712 4020 .
730 3940 755 4002 εἰ
777 3929 861 4002 τᾶλλ’
885 3940 1021 4025 ἀφαιρεῖν
1044 3940 1059 4002 ἀ
1083 3940 1175 4010 πολὺς
1198 3938 1305 4004 εἴωθεν
1327 3939 1433 4025 χρόνος

732 4041 851 4126 ἡμῶν,
875 4043 907 4105 τό
931 4067 965 4124 χε
988 4048 1107 4128 φρονεῖν
1130 4043 1351 4129 ἀσφαλέστερον
1373 4051 1458 4107 ποιεῖ.
1565 4130 1568 4135 ¹

234 4143 282 4208 Cf.
307 4145 405 4208 etiam
427 4144 591 4227 Anaxippi
613 4145 706 4225 frgm.
733 4144 747 4207 1
772 4164 801 4207 v.
825 4144 878 4208 40.

322 4400 342 4466 ¹)
370 4401 455 4455 Ceteri
477 4416 566 4455 novae
589 4400 745 4455 comoediae
768 4409 891 4456 auctores
913 4408 970 4456 tam
994 4404 1087 4472 gravia
1105 4421 1189 4473 quam
1211 4404 1333 4459 hierarc
1353 4405 1526 4459 admiserunt.

322 4485 345 4554 θ)
372 4489 430 4542 Soc.
448 4488 590 4542 Koclrium.

319 4571 343 4642 ³)
370 4574 485 4643 Reliqua
503 4581 680 4628 evanuerunt.
